2584 3102
2206 54 2264 90 21

293 182 298 185 -
342 149 697 215 {sapinimddiiiin
738 172 763 200 a·
794 173 885 215 quo*
903 152 1014 202 aliud
1037 158 1249 214 'objectum
1280 161 1460 212 pendet,
1500 159 1586 201 sive
1615 167 1758 201 notam
1783 162 1903 201 verbi
1929 163 1975 202 in
2006 165 2253 216 adjectivum

325 229 330 273 ,¹
355 228 831 290 'quoddam-'necessitatis’
849 232 979 277 mistas
991 266 1005 283 ,
1035 238 1162 291 idque
1181 234 1274 276 cum
1296 237 1561 278 Substantivo
1578 238 1642 276 ita-
1662 237 1907 290 conjungis,
1949 248 1995 279 nt
2024 242 2252 293 prapositio

354 305 490 352 addita*
515 312 641 352 finem
668 302 1008 367 consequendum
1045 313 1190 352 clarius
1217 311 1383 350 indicet.
1458 313 1599 362 Quare
1624 313 1669 351 in
1696 313 1800 352 locis
1835 313 1917 352 his:
1957 314 2049 354 Liv.
2086 327 2138 367 9,
2186 318 2254 360 16.

354 393 528 443 Legatis
549 381 692 430 missis
713 393 769 445 agi
790 405 949 441 pacem*
962 405 1060 430 cum
1076 392 1276 442 precibus
1296 394 1538 441 petendam.
1572 388 1619 430 C.
1639 390 1687 429 B.
1707 390 1757 429 G.
1778 389 1832 435 1.,
1868 396 1938 434 58.
1981 395 2258 435 Ariovistum

356 480 454 507 cum
472 447 565 505 suis
582 467 782 505 omnibus
802 467 938 518 copiis
959 468 1015 505 ad
1033 468 1333 517 occupandum
1360 468 1726 506 Vesontionem...
1750 469 2021 507 contendere.
2054 470 2152 506 Tac.
2179 482 2256 508 an-

351 541 445 582 nal.¹
463 550 541 587 11,
577 542 646 585 3'2'.
681 543 814 580 Silius
842 521 1163 580 dissimulando
1191 548 1308 579 metu
1332 541 1391 589 (i.
1422 556 1455 580 e.
1487 543 1652 590 metui)
1682 544 1738 579 ad
1772 545 1922 581 munia
1938 542 2038 594 fori
2069 548 2258 596 digredi-

347 606 445 663 tur,
475 621 593 656 veras
614 609 999 656 circumlocutiones
1020 617 1162 655 adesse
1184 628 1418 660 censemus,
1452 617 1565 667 quod
1586 615 1731 654 clarius
1751 617 1988 666 apparebit,
2030 618 2063 657 si
2085 633 2178 658 cum
2200 620 2252 660 iis

308 720 320 733 .
348 694 425 732 hos
449 692 683 731 contuleris.
703 692 795 731 Sall.
819 692 912 743 Jug.
936 698 1015 735 80,
1050 699 1090 733 4.
1133 694 1321 744 Legatos
1338 692 1524 730 Romam
1558 693 1738 730 miserat
1755 689 1918 742 foedus
1946 700 1988 731 et
2016 698 2254 735 amicitiam

350 758 544 820 potitum.
561 767 619 806 ib.
646 776 754 812 103,
790 776 828 808 1.
861 765 1157 818 proficiscitur
1173 769 1217 805 in
1240 770 1334 805 loca
1352 769 1470 810 sola,
1515 768 1741 804 obsessum
1768 770 1927 806 turrim
1952 772 2125 821 regiam.
2177 772 2252 809 At-

346 832 483 883 tamen
502 845 629 882 multo
647 841 815 894 longius
834 842 937 880 haec
956 840 1207 880 constructio
1234 848 1368 891 patet,
1402 853 1525 892 quam
1546 840 1738 890 supinum
1751 868 1763 884 ,
1805 856 1984 895 namque
2004 859 2093 894 sup.
2116 848 2246 886 modo

346 927 440 970 post
455 920 583 959 verba
599 925 754 963 motus,
786 919 889 956 haec
910 911 1044 956 auter'n
1061 924 1155 969 post
1180 916 1396 969 quodlibet
1421 914 1533 954 aliud
1560 916 1734 954 verbum
1752 917 1856 969 poni
1880 927 2029 969 potest.
2062 943 2092 949 -

267 1010 312 1061 c)
346 1011 684 1064 Conjunctivum
705 1022 732 1046 a
750 996 1151 1063 conjunctionibus,
1186 1013 1253 1051 ut,
1297 1021 1372 1052 ne,
1404 1009 1474 1045 vel
1496 1021 1522 1045 a
1542 1008 1742 1047 Relativo
1766 1012 1857 1060 qui
1882 1013 2153 1060 pendentem.
2207 1012 2250 1050 Si

346 1083 595 1135 subjectum,
629 1068 742 1136 quod
759 1084 811 1121 ad
828 1082 954 1122 finem
976 1084 1314 1134 consequendum
1332 1083 1397 1120 vel
1414 1082 1585 1132 propria
1604 1084 1666 1120 vel
1688 1083 1823 1121 aliena
1843 1084 1883 1122 vi
1906 1094 2064 1125 motum
2094 1087 2246 1132 tendit,

343 1158 471 1211 magis
490 1160 723 1197 elucescere
747 1157 948 1204 volueris,
982 1160 1086 1198 duae
1107 1156 1400 1197 enuntiationis
1423 1157 1629 1202 orientur,
1663 1171 1836 1209 quarum
1855 1162 1982 1199 altera
2004 1161 2122 1200 alteri
2141 1163 2242 1201 sub-

344 1233 452 1284 jecta
470 1240 541 1272 est.
607 1225 725 1282 Quae
744 1234 849 1273 duae
865 1233 1169 1273 enuntiationes
1196 1235 1319 1283 plane
1340 1232 1451 1271 idem
1480 1232 1742 1284 significant,
1784 1242 1907 1287 atque
1942 1250 2026 1275 una
2050 1236 2119 1275 illa
2151 1251 2245 1276 cum

342 1308 509 1359 supino,
551 1314 596 1346 ut
612 1307 656 1346 hi
672 1307 757 1346 loci
776 1308 961 1358 probare
977 1316 1161 1358 possunt.
1193 1309 1358 1347 Terent.
1386 1308 1518 1346 Andr.
1547 1316 1569 1350 3
1584 1332 1607 1352 ‚,
1630 1317 1681 1353 2,
1718 1318 1785 1352 35.
1821 1313 1964 1350 Missa
1989 1318 2056 1350 est
2083 1315 2247 1351 ancilla

339 1386 456 1422 illico
481 1384 765 1421 Obstetricem
783 1379 1043 1436 arcessitum
1062 1387 1303 1437 “’.tFJ-oerum
1324 1388 1374 1421 ut
1398 1382 1576 1438 afferret
1597 1387 1741 1423 simul.

392 1457 483 1496 Liv.
503 1465 563 1501 5,
592 1464 662 1500 55.
696 1459 866 1498 Clusini
885 1459 1052 1512 legatos
1070 1459 1285 1511 ⁴Rern-am,
1318 1461 1393 1509 qui
1420 1461 1637 1498 auxilium
1654 1462 1705 1498 ab
1731 1465 1884 1499 senatu
1912 1467 2131 1511 peterent,
2167 1464 2247 1502 mi·

458 1546 565 1571 sere.
606 1535 700 1571 Liv.
722 1543 773 1584 9,
806 1540 877 1575 20.
898 1531 1217 1586 Apuli—foedus
1236 1537 1416 1585 petitum
1439 1540 1663 1574 venerunt.

281 1608 368 1647 Has
398 1606 727 1647 constructiones
758 1606 944 1659 ejusdem
970 1607 1061 1648 fere
1094 1616 1261 1648 naturae
1303 1621 1392 1647 esse
1418 1607 1546 1660 magis
1574 1609 1811 1660 apparebit,
1861 1610 1895 1648 si
1927 1614 1993 1650 vel
2023 1620 2238 1652 externam

161 1682 490 1725 enuntiationum
507 1682 684 1721 formam
713 1684 1213 1742 accuratiusjnspssvteiis.
1256 1683 1444 1735 Namque
1468 1683 1513 1720 in
1540 1683 1905 1734 conjunctionibus
1925 1681 2003 1725 illis
2029 1687 2123 1734 ἵνα,
2170 1696 2232 1734 ut,

161 1765 287 1804 dass,
305 1772 392 1797 non
411 1758 564 1809 poteris
586 1757 687 1809 quin
704 1757 885 1801 formam
910 1763 1118 1811 Wdaeam
1132 1754 1427 1808 pron'ominum
1449 1772 1671 1809 agnoscas,
1706 1773 1812 1811 quae
1830 1760 1875 1798 in
1899 1760 2078 1802 formam
2106 1764 2234 1814 parti-

158 1838 340 1876 cularum
364 1832 562 1877 abierint,
609 1840 653 1871 ut
682 1832 913 1880 vinculum,
954 1836 1068 1887 quod
1095 1833 1205 1873 inter
1236 1831 1540 1873 enuntiationes
1565 1820 1823 1878 intercedits
1847 1833 2058 1882 indicent,
2097 1837 2152 1876 ita
2186 1845 2232 1876 ut

156 1912 246 1951 fere
265 1923 343 1961 pro
371 1895 550 1947 articulis
571 1907 900 1947 enuntiationum
919 1908 1064 1947 haberi
1083 1908 1255 1959 possint.
1286 1908 1338 1946 cf.
1357 1909 1492 1958 Bopp.
1514 1909 1541 1946 1.
1569 1922 1604 1946 c.
1630 1922 1671 1959 p.
1695 1918 1750 1960 79
1765 1916 1860 1952 -83
1883 1914 1936 1957 ⁴¹).

206 2078 240 2120 Φ)
265 2073 393 2106 Nichts
406 2071 553 2108 anders,
578 2070 629 2102 als
645 2081 750 2113 pron.
767 2070 830 2102 rel.
850 2069 938 2102 oder
957 2070 1149 2103 demonstr.
1169 2070 1249 2102 sind
1266 2070 1426 2102 wirklich
1452 2069 1508 2101 die
1536 2069 1850 2110 coniunctionem
1876 2072 2009 2105 welche
2035 2073 2092 2106 die
2116 2085 2237 2118 gram-

277 2140 360 2168 mat.
378 2132 633 2179 Beziehungen
652 2132 712 2164 des
733 2130 907 2164 Infinitivs
930 2131 1165 2164 ausdtiicken.
1216 2132 1274 2164 Sic
1292 2131 1414 2164 stehen
1434 2130 1611 2163 entweder
1629 2130 1668 2162 in
1687 2130 1768 2163 dem
1794 2131 1925 2172 Casus,
1964 2134 2028 2168 der
2055 2136 2117 2168 das
2152 2149 2236 2170 aus-

275 2195 531 2229 zudriickende
558 2192 774 2226 Verhffltniss
797 2192 1025 2230 bezeichnet‚
1064 2192 1153 2225 oder
1173 2193 1222 2225 sie
1247 2193 1395 2225 konnen
1419 2198 1525 2225 unter
1557 2192 1672 2225 einem
1699 2192 2007 2228 adverbialischen
2040 2199 2234 2246 Ausgange

271 2256 514 2293 sammtlichen
533 2254 898 2290 Casusverhfiltnissen
916 2253 1150 2298 entsprechen
1158 2277 1245 2287 .....
1295 2254 1360 2287 Ich
1377 2254 1520 2286 mochte
1540 2253 1635 2286 diese
1662 2254 1728 2286 Art
1748 2265 1821 2286 von
1847 2255 2142 2300 conjunctionen
2170 2260 2234 2293 lie·

272 2321 339 2352 ber
361 2321 431 2352 den
447 2319 583 2351 Artikel
601 2318 663 2349 der
683 2317 888 2349 Zeitw'drter
901 2327 1045 2348 neuneu
1057 2340 1068 2356 ‚
1092 2315 1169 2348 weil
1184 2316 1233 2348 sie
1251 2316 1436 2361 eigentlich
1457 2315 1525 2357 bey
1542 2316 1779 2348 Zeitwiirtern
1806 2319 1938 2361 gerade
1955 2320 2016 2353 das
2042 2329 2231 2363 verti-eten,

271 2394 344 2415 was
361 2381 431 2424 bey
444 2380 700 2425 unbiegsamen
728 2377 978 2413 Substantiven
1004 2377 1066 2410 der
1091 2376 1267 2423 biegsame
1300 2375 1436 2410 Artikel
1446 2399 1530 2410 .....
1566 2376 1658 2410 Dem
1682 2377 1767 2411 Ace.
1793 2377 1853 2411 des
1880 2380 2016 2426 griech.
2045 2382 2134 2424 Ins„
2167 2384 2235 2418 dei·

273 2444 352 2476 eine
368 2442 535 2482 libaida,
562 2441 665 2473 einen
683 2439 932 2484 Beweggrund
948 2439 1161 2479 ausdruckt,
1188 2439 1386 2481 entspricht
1403 2440 1460 2470 die
1487 2439 1731 2478 conjunction
1764 2442 1829 2473 ἴνα
1846 2445 1930 2477 —is
1961 2444 2060 2476 halte
2085 2446 2145 2477 ich
2171 2447 2234 2479 fiir

273 2506 334 2538 das
352 2515 474 2536 ausser
492 2503 683 2536 Gebrauch
706 2503 938 2547 gekommeue
955 2501 1111 2539 Relafiv,
1136 2500 1285 2534 welches
1304 2500 1364 2533 das
1380 2500 1646 2534 Demonstrativ
1669 2510 1720 2537 τις
1739 2508 1910 2537 erwarten
1929 2503 2032 2546 liisst,
2070 2507 2146 2540 und
2167 2508 2235 2543 ἵνα

271 2568 363 2599 ware
382 2564 481 2597 daun
501 2565 626 2597 dessen
648 2563 838 2596 Accusativ
859 2562 951 2605 plur.
969 2569 1084 2595 neutr.
1133 2562 1209 2594 Der
1235 2562 1479 2604 conjunction
1502 2563 1566 2595 ἵνα
1593 2563 1789 2605 entspricht
1808 2563 1857 2596 im
1881 2565 2090 2599 Deutschen
2107 2568 2233 2608 demit,

272 2628 337 2661 auf
353 2628 451 2663 dass,
475 2626 525 2657 im
542 2625 741 2657 Gothishen
756 2626 948 2657 Thammes
970 2617 1048 2657 und
1065 2626 1114 2657 du
1132 2624 1329 2657 Thammei.
1386 2623 1634 2669 Thammeilist
1653 2624 1715 2656 der
1733 2623 1845 2659 Dativ
1865 2626 1927 2660 des
1946 2628 2117 2668 Relativs,
2152 2630 2233 2665 und

270 2694 317 2725 du
338 2689 394 2722 die
411 2686 633 2731 Priiposition
651 2698 716 2720 za.
728 2713 735 2721 .
748 2711 755 2718 .
771 2712 778 2720 .
812 2687 886 2720 Das
902 2687 1108 2721 lateinische
1128 2694 1167 2721 ut
1184 2687 1323 2720 kommt
1342 2685 1634 2720 wahrscheinlich
1650 2686 1716 2720 wie
1732 2686 1780 2721 ita
1798 2700 1871 2723 von
1889 2689 1916 2723 is
1928 2713 1937 2729 ,
1972 2701 2032 2731 ea,
2067 2690 2124 2732 id,
2149 2692 2230 2733 her,

275 2752 372 2784 deun
387 2761 412 2781 u
429 2748 501 2794 galt
517 2748 584 2790 bey
605 2747 676 2778 den
692 2747 798 2779 Alten
819 2750 871 2780 oft
892 2749 950 2780 fiir
967 2748 990 2781 i.
1016 2768 1063 2775 —
