2584 3102
2253 23 2301 66 1¹,

227 136 409 190 quamvis
440 149 492 173 ex
514 132 804 172 terminatione
832 131 922 181 ipsa'
945 130 1030 181 jam
1052 137 1268 181 appareat,
1302 143 1355 166 ex
1384 129 1511 181 locis,
1546 138 1652 178 quos
1675 130 1932 179 proposituri
1960 145 2117 175 sumus,
2151 134 2184 170 si
2215 148 2306 172 cum

228 212 512 265 superioribus
538 207 782 253 contuleris,
820 198 965 260 magis*
980 207 1193 246 elucescet.

345 305 449 343 Gen.
499 282 585 342 Cic.
607 315 647 351 p.
662 299 751 339 Mil.
779 300 845 343 16.
880 297 981 348 Quis
1000 296 1199 356 ignorat,
1217 294 1436 336 maximam
1464 294 1701 334 illecebram
1733 307 1823 333 esse
1854 299 2063 347 peccandi
2085 295 2303 348 impunita-

735 374 785 413 tis
813 387 939 424 spem.

509 455 605 492 Sen.
627 452 756 512 Clem-
788 451 830 494 l,
869 451 935 491 16.
966 449 1131 499 Equum
1163 461 1250 486 non
1284 446 1438 485 crebris
1466 445 1711 484 verberibus
1745 455 1922 487 exterret
1954 452 2158 488 domandi
2190 450 2302 501 peri..

738 532 807 565 tus
827 522 1032 577 magister.

341 622 446 659 Dat.
502 615 593 656 Liv.
615 617 697 661 26,
733 616 803 660 56.
834 615 888 654 Ut
908 628 987 653 nec
1007 612 1207 652 triumviri
1229 614 1483 663 accipiundo
1517 624 1595 648 nec
1618 611 1776 649 scribae
1803 612 2036 665 referundo
2053 615 2299 655 sufficerent.

507 693 614 732 Plin.
648 702 728 736 31,
763 693 803 735 6.
835 691 957 743 Aqua
985 677 1228 728 bituminata
1256 697 1324 727 aut
1346 687 1505 726 nitrosa
1534 687 1640 725 utilis
1672 695 1732 726 est
1762 691 1954 731 bibendo.

341 787 439 822 Ace.
504 783 591 821 Cic.
614 783 695 819 Att.
735 789 808 823 15,
844 788 882 821 8.
914 779 1083 830 Aliquid
1105 762 1304 816 crastinus
1326 779 1412 816 dies
1439 780 1490 815 ad
1519 782 1798 829 cogitandum
1819 780 1941 817 nobis
1964 782 2014 817 de
2038 795 2086 818 ea
2104 796 2151 819 re
2172 783 2297 820 dabit.

506 859 599 898 Sall.
619 858 714 908 Jug.
749 863 829 902 28,
861 863 902 896 2.
937 854 1017 893 nisi
1047 868 1224 906 regnum
1253 854 1470 907 ipsumque
1503 857 1698 893 deditum
1728 854 1948 893 venissent.

507 933 594 974 Cic.
619 934 741 971 Tusc.
770 938 822 976 2,
858 933 926 974 16.
959 932 1093 970 Ferre
1122 931 1311 969 laborem
1343 932 1601 969 consuetudo
1635 931 1770 969 docet.
1816 910 1820 913 .

333 1008 428 1064 Abl.
501 1023 590 1063 Cic.
614 1023 683 1061 off.
714 1022 755 1067 I,
790 1028 860 1065 50.
892 1019 1085 1059 Hominis
1107 1027 1224 1058 mens
1246 1022 1449 1059 discendo
1475 1019 1596 1058 alitur
1619 1027 1659 1057 et
1679 1022 1924 1072 cogitando.

503 1098 595 1137 Liv.
630 1106 678 1147 9,
714 1103 784 1139 43.
817 1094 919 1134 nihil
936 1108 1108 1146 usquam
1129 1097 1247 1133 dictu
1269 1094 1436 1146 dignum
1458 1094 1571 1132 ausi.
1592 1122 1601 1131 .
1622 1121 1631 1131 .
1650 1122 1660 1132 .
1693 1093 1880 1132 inducias
1900 1094 2010 1146 pacti
2038 1102 2146 1134 sunt.

214 1205 279 1246 Ex
307 1205 456 1257 q'uibus
486 1203 683 1254 colligere
707 1201 822 1257 licet,
855 1195 1149 1239 nominativum
1173 1201 1303 1258 solum
1333 1200 1526 1238 infinitivi
1557 1200 1717 1238 somnae
1746 1200 1804 1239 ini
1826 1200 1870 1238 in
1903 1215 1949 1239 re
1976 1200 2167 1240 relictum
2195 1217 2299 1248 esse,

215 1280 439 1335 'genitivum
468 1284 508 1317 et
528 1274 705 1316 dativum
728 1281 751 1313 a
771 1271 983 1326 gerundiis
1006 1266 1251 1322 occupatos,
1283 1263 1501 1314 ablativum
1532 1264 1572 1313 et
1600 1274 1872 1314 accusativum
1896 1282 2034 1315 autem·
2059 1275 2181 1316 variis
2200 1275 2293 1317 infi-

214 1358 330 1400 nitivi
358 1355 502 1409 formis
535 1351 752 1405 attributos
780 1363 891 1393 esse,
923 1347 979 1386 ita
1006 1355 1050 1385 ut
1077 1349 1179 1386 haec
1210 1351 1395 1401 exempla
1429 1358 1534 1402 'quae
1565 1352 1692 1390 modo
1720 1351 2012 1403 proposuimus
2043 1356 2122 1403 pro
2146 1343 2296 1392 norma

213 1434 359 1474 haberi
377 1430 558 1482 possint,
590 1430 644 1465 ad
664 1439 788 1478 quam
807 1424 940 1463 omnis
964 1425 1119 1470 oratio,
1151 1425 1197 1463 in
1223 1440 1299 1477 qua
1322 1440 1476 1465 summa
1497 1428 1564 1465 illa
1584 1427 1703 1465 verbi
1726 1428 1843 1465 notio
1864 1428 1920 1474 (i.
1942 1441 1978 1465 e.
2000 1428 2139 1475 infin.)
2165 1431 2294 1473 adest,

215 1505 414 1560 componi
425 1506 593 1545 *debeat
657 1501 822 1554 Quodsi
843 1506 944 1540 vero
965 1500 1049 1540 loci
1067 1500 1351 1547 inveniuntur,
1382 1501 1427 1541 in
1449 1501 1597 1555 quibus
1619 1501 1844 1542 infinitivus
1862 1502 1930 1542 ille
1956 1502 2012 1542 in·
2028 1502 2111 1543 alio
2130 1511 2297 1555 praeter

216 1582 517 1624 nominativum·
545 1587 586 1618 et
614 1577 887 1617 accusativum
914 1585 1009 1616 casu
1039 1577 1198 1627 positirs
1231 1577 1296 1621 sit,
1336 1577 1378 1615 id
1398 1579 1512 1628 quod
1541 1578 1650 1627 apud
1680 1580 1826 1628 poetas
1852 1583 2008 1616 tantum
2036 1586 2077 1616 et
2100 1589 2182 1618 eos
2201 1580 2294 1618 fere

213 1659 436 1709 scriptores
453 1683 464 1700 ,
493 1654 563 1706 qui
594 1654 716 1691 nimis
734 1653 980 1705 ‘antiquitati
1008 1655 1194 1698 student,
1227 1667 1299 1691 usu
1330 1652 1473 1691 venire
1502 1661 1678 1690 constat:
1726 1655 1809 1691 hoc
1837 1653 1926 1692 noli
1954 1662 2033 1703 pro
2065 1655 2296 1704 graecismo

212 1735 387 1780 habere3
420 1744 501 1781 qua
525 1730 569 1767 in
590 1743 637 1767 re
659 1727 970 1778 ·etiam'Ramsh.
989 1726 1114 1768 falsus
1139 1734 1199 1768 est
1229 1728 1263 1779 ᾧ.
1293 1729 1389 1771 168.
1422 1735 1509 1766 not.
1535 1738 1553 1769 1
1592 1731 1656 1778 (p.
1681 1732 1825 1775 423.),
1866 1729 1940 1767 sed
1973 1715 2298 1769 'infinitivum-in

215 1807 309 1861 jura
331 1803 511 1845 natalitia
528 1803 754 1842 restitutum
779 1815 867 1840 esse
886 1809 1025 1852 putes,
1059 1802 1137 1841 nisi
1157 1801 1266 1840 forte
1286 1815 1361 1853 per
1383 1801 1575 1851 syllepsin
1596 1815 1663 1840 res
1686 1802 1882 1853 explicari
1903 1811 2051 1854 potest.
2082 1805 2134 1843 cf.
2146 1805 2297 1844 Bauer.

217 1886 271 1924 ad
297 1882 433 1921 Sanet.
460 1879 565 1920 Min.
592 1879 635 1922 Ι,
669 1879 770 1920 640.
822 1879 954 1917 Rudd.
983 1878 1047 1923 11,
1076 1885 1175 1921 225.
1227 1879 1409 1926 Bentley.
1432 1878 1484 1915 ad
1504 1878 1648 1916 Horat.
1676 1878 1757 1916 Sat.
1790 1887 1840 1923 2,
1874 1887 1921 1923 5,
1955 1887 2058 1922 315.
2091 1880 2230 1920 carm.
2253 1881 2294 1925 1,

217 1970 262 2002 1,
296 1967 334 2000 5.
377 1953 597 1994 Heindorf.
619 1955 835 1992 ad‘Horat.
857 1954 938 1991 Sat.
963 1962 981 1993 1
997 1982 1009 1997 ‚
1043 1964 1090 1998 4,
1128 1962 1194 1996 12.
1259 1954 1424 2003 Operae
1446 1953 1625 2003 pretium
1643 1961 1703 1992 est
1726 1953 1794 1992 hic
1815 1955 2057 2000 observare,
2099 1956 2288 1995 Graecos

216 2032 432 2075 articulum
448 2029 493 2070 in
513 2026 863 2070 enuntiationibus
893 2025 1118 2080 ejusmodi,
1148 2026 1194 2067 in
1217 2026 1365 2082 quibus
1391 2025 1546 2067 Latinis
1569 2039 1740 2081 quoque
1759 2026 1987 2069 infinitivus
2018 2028 2064 2069 in
2095 2043 2143 2070 re
2168 2028 2294 2069 usita-

215 2118 279 2150 tus
302 2116 386 2153 est,
418 2106 631 2146 articulum
658 2104 863 2149 omisisse,
894 2112 1038 2155 utpote
1067 2105 1112 2143 in
1144 2105 1292 2156 quibus
1323 2104 1383 2150 vis
1405 2104 1647 2142 substantivi
1675 2117 1752 2153 per
1775 2118 1820 2142 se
1842 2113 2057 2157 appareat,
2089 2107 2297 2145 rarissime

214 2194 348 2224 autem
373 2184 418 2221 in
443 2183 514 2224 iis,
558 2180 707 2231 quibus
739 2180 878 2218 Latini
910 2179 1097 2218 motione
1134 2180 1270 2230 aliqua
1301 2180 1345 2217 in
1378 2181 1465 2218 fine
1499 2179 1618 2218 verbi
1643 2180 1750 2218 facta
1784 2181 2029 2220 substantivi
2058 2181 2194 2220 vicem
2226 2196 2297 2232 ge-

218 2274 315 2300 rere
342 2259 502 2298 hancce
532 2256 709 2298 formam
736 2253 923 2295 indicant
963 2250 1204 2294 efiMatthizi
1234 2252 1305 2292 Gr.
1327 2266 1387 2305 gr.
1420 2252 1457 2305 ᾧ.
1478 2259 1564 2297 542
1598 2256 1665 2305 (p.
1690 2256 1808 2302 518).
1874 2254 2035 2306 Quibus
2066 2254 2300 2307 praemissis

216 2339 309 2372 eum
327 2333 381 2371 de
399 2330 557 2382 supinis
575 2337 734 2369 tantum*
752 2330 875 2370 nobis
896 2330 1100 2382 agendum
1121 2327 1482 2378 proposuerimus,
1511 2328 1674 2367 omissis
1696 2343 1802 2381 quae
1825 2331 1876 2368 de
1895 2331 2108 2382 gerundiis
2134 2331 2179 2368 in
2199 2331 2295 2370 uni-

211 2420 377 2447 versum
407 2406 546 2447 afferri
573 2406 753 2456 possint,
795 2406 919 2445 nobis
948 2405 1313 2444 demonstrandum
1343 2403 1421 2442 erit
1447 2406 1499 2442 de
1530 2413 1729 2457 utroque,
1777 2420 1877 2445 num
1903 2406 1950 2444 in
1977 2418 2074 2445 eum
2100 2405 2300 2447 infinitivi

212 2487 351 2523 locum
382 2496 468 2533 quo
493 2496 541 2520 ea
572 2483 783 2531 posuimus
796 2511 818 2530 ,χ
838 2497 936 2522 vere
957 2482 1198 2525 succedant,
1230 2488 1315 2520 tum
1340 2494 1562 2532 quamnam
1587 2480 1691 2525 vhn,
1725 2483 1840 2533 quod
1869 2481 2092 2522 accusativi
2120 2490 2161 2522 et
2181 2482 2295 2522 abla-

215 2558 287 2599 tivi
312 2555 422 2597 vices
453 2568 646 2609 magnam
679 2558 822 2608 saltem
851 2563 1009 2610 partem
1041 2562 1206 2610 gerant,
1248 2554 1451 2600 habeant,
1494 2554 1675 2608 denique
1710 2557 1822 2596 unde
1854 2557 1958 2597 haec
1997 2569 2120 2610 quam
2153 2563 2300 2597 tenent

214 2635 349 2674 forma
377 2633 427 2671 iis
457 2631 587 2671 indita
619 2632 681 2670 sit.
