2584 3102
188 166 269 207 fi„
300 165 509 220 quffitgti.
542 172 612 203 aut
641 165 766 214 plane
801 161 905 200 aliae
938 160 1141 200 orationis
1173 168 1312 210 partes
1335 161 1632 211 respondeant.
1665 161 1760 201 Sall.
1781 162 1876 214 Jug.
1902 162 1936 202 l.
1964 174 2000 206 ι.
2034 167 2115 211 64,
2150 177 2202 210 1.v
2222 177 2304 221 92,

159 252 242 295 ¹4,
280 251 388 294 109,
420 251 463 284 4.
496 247 673 280 sanctus
684 238 750 276 vir
780 245 822 276 et
852 251 906 276 ex
937 236 1142 275 sententia
1172 233 1405 275 ambobus.

392 318 513 368 Quae
535 329 629 355 eum
647 314 704 353 ita
724 312 830 357 sint,
862 310 1113 351 testimonio
1121 310 1341 350 Prisciani
1348 310 1468 350 vul.
1488 319 1539 361 9·
1570 318 1627 354 47
1662 314 1753 362 (ed-
1773 313 1845 352 ΚΥ·
1874 328 1918 365 Ρ·
1935 321 2058 368 395)
2089 332 2179 362 ¹¹01!
2198 321 2302 370 mnl·

198 402 288 434 sum
307 392 578 432 mbuendmn
598 389 688 428 erit
750 388 924 427 Modus
926 386 1039 426 enim
1059 386 1152 438 ipse
1176 385 1347 426 dicendi
1366 386 1499 426 verbo
1515 376 1586 425 illo
1613 388 1791 426 videaur
1815 389 1955 433 addito
1979 393 2075 432 satis
2101 396 2302 442 declarat,

186 468 488 524 Ῥώώῃῃφ,
521 465 620 519 quid
647 466 701 503 de
731 469 878 502 natura
912 462 1158 514 supinorum
1194 461 1488 506 constitueret,
1517 460 1724 502 incertum
1754 463 1956 511 haesisse,
1997 478 2152 521 neque
2167 470 2303 522 ipsum

199 545 283 585 sibi
303 543 545 585 constitisse.
608 540 705 580 Alio
727 539 839 580 enim
856 541 952 579 loeo
975 539 1094 579 VIlI.
1114 550 1166 591 9,
1201 549 1258 582 44
1292 541 1388 587 (ed.
1410 541 1545 590 Kr.-p.
1567 547 1652 591 392
1667 544 1688 565 ⁴*
1700 544 1715 587 )
1759 544 1812 582 ad
1830 545 1989 583 rectum
2013 544 2186 596 propius
2208 561 2302 588 eum

198 619 421 667 accessisse
451 623 638 672 apparet.
705 616 803 668 Quo
842 615 974 669 magis
1004 615 1294 657 admirandum
1328 623 1409 661 est,
1453 615 1743 669 grammaticos
1769 623 1851 659 tam
1881 620 2009 674 longe
2038 633 2062 660 a
2089 619 2155 662 via
2188 629 2301 663 recta
2348 663 2359 668 ‚

198 699 399 737 aberrare
414 694 615 746 potuisse,
638 701 696 732 ut
711 696 886 732 videtur
903 692 1005 731 illud
1026 693 1156 743 pluris
1175 692 1473 732 aestimandum
1489 706 1579 732 esse
1602 700 1808 743 putarent,
1830 709 1955 746 quam
1969 690 2302 740 enuntiationem

199 773 339 813 illam.
369 770 527 811 infiniti
548 777 688 810 tamen
707 767 805 809 vice·
819 768 1063 821 funguntur.
1128 768 1241 819 Quid
1274 751 1388 822 quod
1416 769 1656 810 Priscianus
1686 769 1775 822 ipse
1798 771 1994 824 vl11.9,
2027 779 2083 818 48
2118 777 2226 826 (396
2235 780 2300 825 ··)

200 848 352 901 supina
368 847 501 893 latina
527 846 573 886 in
592 844 841 907 infinitivum
861 857 1057 896 graecum
1079 833 1228 883 vertit?
1284 844 1327 883 Si
1356 845 1504 897 supina
1535 835 1634 885 vere
1662 847 1787 886 subst.
1807 847 1991 887 verbalia
2012 858 2168 895 essent,
2201 851 2302 903 quid

206 937 306 964 eum
323 922 584 974 impedisset,
615 934 702 974 quo
723 920 860 959 min'us
888 919 1010 958 etiam
1033 919 1078 957 in
1105 920 1249 973 lingua
1284 934 1432 973 graeca
1465 924 1661 963 substant.
1692 925 1896 968 uteretur,
1929 937 2023 976 cum
2046 924 2168 964 etiam
2189 928 2301 978 apud.

198 986 389 1038 Graecos
423 1004 555 1037 exstet
595 992 893 1046 παράκλῃσις,
936 1002 977 1033 et
1006 996 1206 1034 substant.
1226 997 1343 1036 verb.
1375 998 1633 1038 Graecorum
1657 998 1703 1037 in
1734 1008 1812 1041 σις
1844 1002 1988 1039 eadem
2019 1014 2100 1052 qua
2127 1001 2300 1041 Latino-

203 1089 358 1116 norum
390 1073 435 1113 in
468 1064 509 1113 io
540 1079 689 1133 natura
719 1070 813 1111 sint.
887 1070 1085 1125 Denique
1114 1079 1159 1111 ut
1182 1074 1432 1119 concedam,
1460 1074 1723 1115 Priscianum
1749 1077 1860 1116 haud
1889 1075 2014 1117 dubie
2045 1076 2193 1129 supina
2221 1092 2300 1129 pro

200 1165 316 1193 nom.
338 1150 466 1191 subst.
486 1148 704 1193 habuisse,
735 1155 875 1188 tamen
896 1147 930 1187 si
951 1147 1184 1188 auctoritati
1204 1155 1360 1189 tantum
1383 1148 1553 1194 tribuis,
1584 1150 1707 1191 alium
1732 1150 1828 1191 licet
1846 1151 2039 1203 proferre
2068 1152 2299 1200 auctorem,

201 1228 275 1280 qni
293 1227 354 1266 uti
372 1226 562 1274 doctrina
580 1226 638 1265 ita
657 1225 747 1264 veri
762 1225 1038 1277 investigandi
1058 1225 1193 1264 studio
1211 1225 1472 1266 Priscianum
1493 1241 1583 1266 non
1611 1230 1739 1268 modo
1760 1236 1909 1281 aequat
1940 1231 2013 1268 sed
2030 1231 2159 1282 longe
2178 1244 2299 1281 supe-

198 1304 286 1349 rat,
308 1301 512 1343 nimirum
534 1299 876 1353 Quinctilianum.
941 1300 981 1340 Is
1001 1308 1136 1340 autem
1152 1301 1253 1340 Inst.
1273 1301 1391 1341 Orat.
1411 1301 1445 1340 1.
1471 1311 1497 1345 4
1531 1302 1634 1349 (Ed.
1653 1303 1746 1355 Bip.
1771 1310 1855 1350 33)
1889 1302 2008 1343 dicit:
2053 1303 2166 1355 Quid
2186 1306 2301 1358 quod

201 1380 329 1420 multa
362 1379 491 1419 verba
520 1391 612 1418 non
646 1384 780 1417 totum
810 1374 1101 1416 declinationis
1132 1376 1326 1446 ordinem
1354 1369 1524 1444 ferunt?
1587 1378 1805 1430 Quaedam
1838 1379 1959 1419 etiam
1982 1387 2215 1426 mutantur,
2256 1388 2302 1420 ut

198 1457 296 1495 fero
327 1455 373 1493 in
404 1454 676 1506 praeterit03.
700 1454 903 1505 quaedam
935 1452 1082 1491 teitiae
1109 1455 1276 1493 demum
1304 1437 1513 1503 personae
1541 1454 1675 1505 figura
1703 1455 1916 1500 dicuntm½
1947 1464 1992 1494 ut
2013 1457 2132 1501 licet,
2163 1456 2300 1508 piget5

199 1531 407 1585 quaedam
453 1530 586 1571 simile
627 1530 858 1583 quoddam
877 1528 1110 1580 patiuntur,
1151 1509 1368 1570 vocabulis
1403 1527 1447 1569 in
1480 1526 1721 1570 adverbium
1760 1531 2086 1577 transeuntibus,
2128 1545 2225 1571 nam
2255 1539 2302 1572 ιιι

200 1614 331 1647 noctu
360 1613 401 1646 et
429 1610 504 1646 diu
531 1606 589 1645 ita
616 1608 735 1645 dictu
763 1611 803 1644 et
813 1603 959 1656 factu
1026 1606 1138 1644 Sunt
1159 1618 1289 1672 emm*
1306 1606 1410 1645 haec
1436 1619 1609 1659 quoque
1635 1609 1769 1647 verba
1788 1610 2082 1660 participialia
2111 1609 2300 1659 quidem,

201 1697 290 1723 non
319 1689 464 1722 tamen
495 1684 646 1734 qualia
678 1684 793 1721 dicto
816 1673 1044 1734 factoque.
1118 1682 1246 1731 Quod
1284 1681 1563 1736 testimonium
1604 1696 1656 1721 eo
1690 1683 1852 1735 gravius
1884 1683 2083 1735 omnique
2109 1690 2302 1734 respectu

199 1758 367 1812 dignius
397 1766 478 1804 est,
511 1772 597 1811 quo
616 1760 755 1810 plures
784 1758 898 1811 iique
927 1755 1152 1797 doctissimi
1168 1756 1247 1796 viri
1274 1740 1423 1809 sii1iina
1450 1751 1506 1797 ita
1534 1758 1652 1798 verbi
1682 1767 1817 1810 partes
1845 1774 1935 1800 esse
1962 1761 2222 1805 concedunt,
2254 1767 2299 1798 ut

200 1835 410 1887 posterius
445 1835 490 1873 in
527 1850 556 1874 u
597 1835 781 1874 eximant
813 1842 854 1873 et
886 1848 965 1886 pro
995 1832 1166 1872 nomine
1207 1834 1405 1872 substant.
1438 1834 1676 1873 habendum
1710 1842 1931 1880 censeant,
1985 1842 2030 1873 ιιι
2061 1834 2301 1886 nuperrime

201 1912 397 1953 fecerunt
421 1910 623 1950 Krebsius
656 1911 912 1963 (Anleitung
938 1923 1031 1949 zum
1061 1900 1320 1949 fibersetzen
1349 1925 1384 1949 a.
1404 1912 1442 1949 d.
1460 1909 1513 1949 D.
1539 1909 1605 1949 ins
1631 1911 1681 1949 L.
1706 1911 1742 1962 §-
1766 1915 1886 1958 505.)
1920 1918 1959 1949 et
1984 1910 2219 1963 Herzogius
2248 1912 2301 1949 ad

199 1986 295 2026 Sall.
323 1984 416 2028 Cat.
453 1988 531 2031 36,
567 1995 606 2030 3.
1497 1996 1500 1997 ’
1880 1969 1886 1972 .

388 2061 555 2113 Quodsi
578 2061 726 2113 supina
750 2076 828 2113 pro
849 2063 1116 2108 nominibus,
1141 2062 1200 2101 uti
1221 2064 1546 2102 demonstratum
1565 2069 1647 2108 est,
1680 2059 1875 2103 habenda
1891 2076 1980 2102 non
2002 2070 2116 2108 sunt,
2144 2062 2299 2115 quippe

205 2152 386 2192 quorum
407 2140 535 2192 longe
554 2137 631 2177 alia
650 2145 797 2176 natura
821 2138 894 2185 sit,
926 2154 1066 2192 neque
1094 2139 1172 2178 alia
1202 2152 1436 2193 quaequam
1465 2138 1666 2179 orationis
1688 2153 1784 2191 pars
1817 2138 1882 2178 cui
1912 2138 2180 2178 annumerari
2201 2153 2298 2190 pos-

203 2214 286 2253 sint
325 2222 454 2253 exstet
491 2222 659 2265 praeter
695 2198 905 2259 verbum,
938 2216 1054 2266 cujus
1090 2224 1129 2254 et
1170 2216 1516 2267 significationem
1555 2224 1595 2254 et
1629 2215 1815 2267 regimen
1854 2223 2047 2255 servant:
2098 2215 2302 2254 sententia

211 2303 360 2331 eorum
394 2289 465 2342 qui
501 2289 647 2342 supina
683 2305 762 2342 pro
802 2298 918 2342 parte
956 2294 1133 2344 quadam
1168 2291 1287 2332 verbi
1326 2291 1482 2331 habent
1525 2292 1809 2343 amplectenda
1839 2292 1938 2338 erit,
1984 2305 2090 2344 quae
2134 2292 2220 2331 sola
2238 2292 2302 2330 ‘ad

253 2443 293 2485 ⁰)
328 2440 516 2474 Gerundia
547 2451 697 2486 quoque
723 2439 777 2472 vel
802 2441 1059 2484 participialia,
1097 2452 1179 2474 cum
1206 2441 1478 2485 participiorum
1513 2441 1565 2474 vel
1599 2440 1789 2474 nominum
1822 2440 2012 2474 videantur
2045 2440 2176 2473 habere
2201 2450 2302 2473 casus

328 2500 518 2545 obliquos,
551 2514 619 2535 nec
645 2511 810 2546 tempora
834 2503 1058 2548 significent,
1097 2504 1196 2546 quod
1222 2504 1382 2537 alienum
1410 2511 1460 2536 est
1485 2516 1504 2536 a
1531 2504 1659 2541 verbo,
1695 2503 1857 2548 legendi,
1891 2503 2064 2548 legendo,
2090 2502 2302 2547 legendum,

326 2563 478 2600 lectum,
502 2564 614 2603 lectu,
642 2566 770 2612 infiniti
795 2568 870 2598 vice
898 2572 1016 2598 tamen
1034 2567 1260 2610 funguntur,
1288 2566 1389 2611 quod
1415 2566 1505 2599 solet
1530 2566 1627 2611 apud
1654 2566 1808 2599 Graecos
1833 2565 1990 2599 articulis
2016 2563 2195 2608 conjungi.
2217 2582 2262 2588 -

241 2626 295 2668 ⁹0)
329 2619 431 2658 Sidit
451 2632 569 2659 autem
590 2638 698 2670 supra
717 2627 924 2664 docuimus,
954 2638 1181 2660 communem
1197 2627 1345 2659 habent
1351 2627 1649 2672 significationem
1673 2628 1718 2660 ab
1734 2628 1854 2661 activis
1872 2629 1927 2661 vel
1945 2626 2198 2660 communibus
2212 2629 2303 2662 nata,

326 2693 367 2721 ut
384 2693 528 2722 oratum
561 2688 648 2734 πρὸς
673 2687 715 2723 τὸ
742 2691 977 2736 παρακαλεῖν
1003 2692 1066 2725 καὶ
1093 2690 1181 2737 πρὸς
1207 2689 1251 2725 τὸ
1277 2691 1609 2736 παρακαλεΐσδαυ
1636 2697 1739 2725 oratu
1766 2690 1841 2729 ἀπὸ
1865 2691 1932 2727 τοῦ
1958 2689 2212 2736 παρακαλεῖν,
2238 2686 2302 2730 ¹1⁰3

326 2748 401 2782 ἀπὸ
425 2750 494 2784 τοῦ
520 2752 839 2796 παρακαλεῖσθαι.
863 2772 909 2779 -
