2584 3102
207 61 265 113 ιο

206 175 351 224 Gaenit·
384 169 474 213 cic.
496 182 541 222 p·
565 126 734 220 Quiuqt.
760 166 828 210 16·
869 165 1027 206 Eadem
1049 170 1099 217 te
1128 146 1236 219 liora
1266 162 1439 218 coasilia
1458 161 1649 217 cem,
1690 165 1872 220 ιιρῳὶμὴ
1899 169 2131 228 9299qu
2156 172 2292 227 εφη,

869 255 945 280 nas
974 239 1162 282 funditus
1191 246 1388 279 evertere.
1684 268 1687 271 ,

397 320 766 370 C.Nep-Lya·3,
804 315 971 359 1.1niit
1002 314 1176 354 consilia
1205 327 1326 366 reges
1356 315 1458 363 Lac.
1489 315 1648 354 tollere.

393 395 513 448 virg.
539 394 629 434 Ecl.
657 393 720 437 X,
754 397 826 435 52.
868 389 957 428 Soli
977 395 1155 431 cantare
1185 387 1307 441 periti
1334 388 1550 440 Arcades.

208 478 309 524 Dat.
355 471 483 512 Ovid·
501 470 604 508 Her.
626 468 672 512 1,
708 475 807 518 109.
839 465 928 507 Nec
950 465 1052 512 milii
1077 454 1175 504 sunt
1193 464 1328 515 vires,
1351 464 1545 509 inimicos
1572 466 1738 515 pellere
1746 466 1883 514 teetis.

363 548 458 588 Sall.
482 543 571 593 Cat·
597 551 681 590 20,
718 552 786 593 ιι.
818 539 874 595 Et
901 556 976 586 vos
1009 540 1166 585 servire
1195 539 1323 594 magis
1347 555 1478 594 quam
1508 540 1726 594 imperare.
1739 541 1879 594 parati
1907 542 2018 594 ,estis-

361 622 467 662 Hor.
498 620 552 660 Α.
581 633 624 673 p·
658 610 1257 669 204.Ti....Adspi1-are
1287 623 1327 655 et
1358 617 1500 655 adesse
1533 616 1672 656 ch'oris
1705 624 1793 666 erat
1814 616 1942 667 utilis

209 704 309 741 Ace.
365 699 459 737 Sall.
490 695 582 737 Cat.
620 703 697 741 ιο,
731 703 772 737 4.
804 693 988 732 Avaritia
1019 692 1274 744 superbiam,
1308 692 1608 737 crudelitatem,
1640 692 1757 733 Deos
1787 692 2022 745 negligere,
2056 692 2196 739 omnia'
2223 709 2293 736 ve-

717 789 725 798 ·
762 818 764 821 .
814 768 924 807 nalia
953 769 1110 807 habere
1141 767 1319 804 edocuit.

364 847 483 899 Virg.
507 846 614 886 Aen.
646 845 708 889 V,
742 849 844 887 248.
894 839 1068 893 Algenti
1098 854 1293 893 magnum
1327 840 1395 879 dat
1424 839 1536 879 ferre
1568 841 1778 879 talentum.

363 925 497 965 Plaut.
518 920 670 960 Bacch.
704 926 752 962 4,
787 925 837 962 3,
876 924 942 960 18.
980 914 1188 954 Parasitus
1212 915 1338 953 m'odo
1370 922 1542 964 venerat
1573 928 1717 953 aurum
1749 922 1903 964 petere.
2085 969 2088 971 ‚

210 1002 309 1041 Abz.
361 999 492 1037 Plaut.
513 993 635 1045 Epid.
659 1000 709 1037 5,
747 1001 824 1036 11,
859 999 929 1035 55·
970 991 1060 1041 Ego
1092 1003 1181 1028 sum
1209 973 1399 1028 ¹defessus
1430 989 1637 1040 reperire,
1669 1002 1744 1028 vos
1778 988 1927 1028 defessi
1961 1003 2173 1041 quaerere.

367 1075 418 1112 A.
443 1073 545 1110 Gell.
578 1067 682 1112 V11,
721 1076 787 1109 Π.
835 1066 960 1118 digna
993 1063 1137 1117 quaeri
1168 1063 1428 1115 tractarique.

211 1180 438 1221 Numerum
468 1175 670 1227 pluralem
699 1186 789 1212 non
821 1172 1099 1222 desiderabis,
1141 1173 1176 1212 si
1202 1173 1407 1215 infinitivo
1435 1174 1518 1213 vim
1559 1172 1746 1221 notionis
1782 1188 1966 1218 summae
2006 1175 2123 1216 verbi
2163 1175 2300 1223 inesse

209 1250 489 1306 reputaveris,
523 1262 656 1303 quae,
687 1247 805 1288 sicuti
822 1247 993 1296 nomina
1015 1248 1219 1288 abstracta
1236 1257 1304 1288 aut
1326 1249 1560 1295 collectiva,
1597 1250 1799 1300 pluralem
1815 1262 1906 1304 non
1928 1249 2111 1295 admittit.
2150 1249 2301 1298 Reinb,

209 1332 288 1370 Lc-
313 1330 355 1375 I,
390 1338 460 1381 99.
497 1335 596 1370 100.
636 1326 733 1366 Not.
767 1335 802 1369 1.

399 1432 594 1482 Quamvis
614 1432 740 1484 igitur
757 1430 984 1469 infinitivus
1006 1430 1073 1468 ille
1098 1431 1143 1469 in
1170 1445 1217 1469 re
1250 1430 1491 1469 substantivi
1513 1443 1687 1469 munera
1709 1445 1785 1482 per
1801 1445 1944 1470 omnes
1965 1444 2101 1476 casus,
2135 1439 2179 1469 ut
2197 1434 2301 1470 haec

209 1509 396 1561 exempla
418 1508 622 1559 probant,
656 1507 801 1552 obeat,
833 1513 973 1546 tamen
994 1505 1146 1547 infitias
1167 1507 1231 1547 ire
1252 1521 1339 1546 non
1359 1506 1538 1558 poteris,
1569 1507 1684 1547 hunc
1705 1505 1899 1565 infinitivi
1919 1521 2040 1546 usum
2060 1521 2298 1559 nequaqum

206 1599 255 1626 ea
273 1586 462 1624 locorum
481 1581 740 1622 multitudine
755 1583 959 1644 firmatum
981 1595 1095 1628 esse,
1128 1590 1172 1621 ut
1191 1596 1271 1633 pro
1289 1582 1430 1634 regula
1449 1582 1596 1621 haberi
1617 1570 1759 1634 possit}
1821 1581 1998 1621 Romani
2022 1581 2153 1626 enim,
2182 1580 2301 1619 sicuti

213 1661 260 1699 in
285 1659 399 1699 omni
415 1658 498 1696 vita
515 1670 792 1710 quaecunque
814 1658 994 1709 agebant
1006 1657 1184 1696 maxima
1208 1671 1300 1696 cum
1320 1671 1416 1696 cura
1438 1666 1478 1697 et
1491 1657 1702 1710 diligentia
1723 1659 1923 1709 agebant,
1946 1658 2001 1694 ita
2024 1656 2143 1693 etiam
2155 1682 2167 1699 ‚
2188 1656 2302 1707 quod

207 1742 347 1775 mente
374 1740 674 1783 conceperant,
708 1731 878 1771 definite
907 1727 1058 1783 elbqui‘
1076 1734 1307 1776 studebant.
1374 1734 1516 1782 Quare
1541 1747 1633 1773 cum
1655 1732 1851 1777 articulo,
1889 1746 1974 1784 quo
2000 1730 2141 1769 varios‘
2157 1729 2298 1769 infini-

202 1809 275 1849 tivi
306 1821 423 1848 casus
449 1806 751 1860 significarent,
785 1813 994 1851 carerent,
1026 1820 1164 1859 neque
1194 1807 1523 1858 praepositiones
1546 1807 1758 1847 infinitivo
1789 1808 2165 1856 addere-possent,
2198 1803 2300 1857 quin

201 1885 381 1924 formam
410 1883 692 1922 immutarent:
725 1882 878 1921 factum
899 1889 980 1926 est,
1013 1889 1056 1920 ut
1072 1896 1149 1934 pro
1175 1882 1380 1922 infinitivo
1397 1884 1556 1923 formae
1569 1884 1683 1937 'quae
1701 1883 1784 1935 jam
1806 1890 1976 1922 externa
1997 1874 2136 1932 specie
2160 1894 2297 1919 casum

202 1960 459 2002 indicarent,
493 1958 694 2009 gerundia
725 1966 765 1996 et
794 1957 941 2008 supina
968 1973 1074 2008 quae
1103 1968 1278 2003 vocant,
1308 1962 1590 1999 succederent.
1657 1962 1861 2009 Quonam*
1884 1973 1985 1999 vero
2007 1966 2195 2007 tempore
2218 1958 2300 1994 hoc

199 2033 352 2076 factum
374 2031 447 2081 sit,
481 2045 574 2073 cum
600 2031 811 2073 literarum
841 2039 1110 2074 monumenta
1141 2032 1361 2077 exultima-
1379 2032 1621 2089 antiquitate
1650 2047 1740 2075 non
1774 2040 1958 2081 exstent,
1991 2030 2186 2073 constitui
2207 2042 2296 2071 non

198 2117 356 2162 potest,
381 2122 518 2162 neque
541 2116 623 2153 est,
650 2111 766 2162 quod
781 2091 941 2159 tempus
962 2109 1084 2147 anxie
1104 2109 1319 2161 requiras;
1353 2112 1405 2150 ad
1424 2111 1466 2150 id
1486 2113 1613 2155 modo
1634 2111 1816 2154 animum
1838 2111 2026 2150 attendas
2046 2107 2192 2151 velim,
2217 2107 2296 2145 lin-

197 2199 298 2237 guas
322 2184 421 2223 alias
445 2198 614 2235 quoque
639 2200 677 2223 v.
696 2199 757 2235 gr.
793 2185 966 2235 originis
996 2185 1256 2235 germanicae
1285 2188 1363 2225 hac
1391 2187 1436 2225 in
1473 2201 1519 2225 re
1551 2189 1727 2227 eandem
1755 2189 1891 2237 legem
1923 2192 2082 2223 secutas
2111 2196 2213 2221 esse.
2249 2182 2299 2220 ef.

188 2261 330 2314 -Bopp.
350 2260 377 2299 l.
397 2273 431 2299 c.
466 2274 506 2311 p.
535 2268 631 2304 153.
653 2264 673 2285 ¹*
690 2265 703 2307 )
770 2260 1002 2311 Quemnam
1023 2275 1125 2300 vero
1150 2261 1288 2300 locum
1307 2260 1500 2301 infinitivi
1518 2260 1664 2313 supina
1687 2270 1728 2301 et
1748 2260 1949 2316 gerundia
1970 2259 2049 2300 sibi
2070 2257 2294 2303 vindicent,

242 2426 280 2472 ⁸)
312 2426 436 2458 Weun
454 2425 515 2458 das
535 2426 649 2460 durch
670 2426 742 2460 den
762 2427 890 2459 Aecus.
909 2437 954 2458 zu
974 2425 1245 2463 bezeichnende
1266 2425 1487 2459 Verhiiltniss
1510 2436 1557 2459 an
1580 2416 1661 2458 dein
1684 2424 1991 2470 (get-mniacheu)
2014 2394 2173 2461 Infinitiv
2189 2423 2302 2456 durch

312 2488 392 2521 eine
414 2487 662 2530 Praeposition
687 2488 928 2532 ausgedriickt
950 2488 1057 2527 wird,
1083 2500 1123 2521 so
1149 2488 1224 2521 tritt
1249 2488 1406 2532 derselbe
1432 2500 1495 2521 aus
1521 2490 1653 2524 seinem
1672 2488 1910 2527 Verbfiltuiue
1932 2499 1982 2523 ,zu
2005 2488 2084 2520 dem
2106 2487 2297 2520 Zeitworte

307 2549 464 2587 hernus,
490 2548 568 2581 und
593 2549 684 2583 steht
699 2549 790 2586 ‚blos
816 2549 880 2582 mit
905 2548 968 2582 der
995 2541 1070 2582 ihm
1096 2554 1341 2595 vorgesetzten
1365 2549 1593 2593 Praposition
1617 2549 1655 2581 in
1673 2548 1904 2593 Beziehung‚
1931 2548 2007 2581 und
2034 2548 2159 2587 nimmt
2184 2544 2292 2577 daher

302 2611 399 2653 auch
429 2610 488 2643 die
519 2611 678 2657 Endung
703 2623 770 2650 an,
805 2612 941 2645 welche
968 2613 1126 2645 dieselbe
1150 2614 1289 2657 regiert.
1354 2614 1403 2645 To
1429 2613 1505 2644 und
1534 2625 1576 2644 ze
1611 2613 1698 2644 oder
1723 2615 1760 2645 zi
1784 2611 1947 2655 regieren
1972 2611 2020 2643 im
2050 2604 2300 2653 AugelsiichsI-

308 2672 417 2706 tehen
441 2671 522 2707 und
546 2671 791 2720 Frankisclien
816 2673 923 2708 einen
951 2673 1086 2712 Dativ,
1121 2674 1200 2707 und
1225 2674 1287 2708 mit
1314 2673 1430 2707 dieser
1454 2674 1611 2719 Endung
1637 2672 1728 2706 steht
1752 2674 1846 2708 uach
1870 2672 1982 2710 ihnen
2021 2676 2104 2707 stets
2131 2668 2194 2701 der
2221 2664 2294 2697 Da·

305 2732 356 2764 tiv
358 2757 493 2767 ......
527 2734 581 2766 Im
606 2734 828 2768 Gothischen
853 2736 970 2767 bleibt
996 2737 1059 2768 der
1091 2736 1159 2768 Inf.
1186 2737 1278 2768 nach
1304 2736 1366 2767 der
1393 2738 1495 2778 Priip.
1523 2738 1570 2768 du
1596 2735 1846 2767 unver'andert.
