2584 3102
1148 42 1409 48 —-
2264 42 2321 83 ¹9

237 152 462 193 indicatum
494 162 605 195 esse,
636 147 681 188 id
709 149 827 200 quoe
840 147 1186 194 Priscianuslx,
1220 158 1270 194 7,
1289 157 1358 201 -39
1393 150 1486 197 (ed.
1520 149 1591 188 Kr.
1618 163 1659 200 p.
1681 151 1797 201 456)
1829 129 2016 191 t'estatum
2049 153 2317 202 Frequenter

233 235 379 269 tamen
406 226 698 277 antiquissimi
718 229 873 263 neutro
893 221 1287 277 participiofuturi
1307 227 1522 266 addebant
1547 238 1666 270 esse,
1697 231 1740 264 et
1766 223 1985 277 infinitum
2005 225 2319 279 significabant,

235 311 467 345 oraturum
497 314 592 341 esse
623 314 703 352 pro
737 306 910 340 oratum
940 302 1004 339 ire
1035 303 1248 350 dicentes,
1278 307 1320 339 et
1341 299 1553 353 futurum
1583 316 1678 340 esse
1710 316 1790 352 pro
1808 300 1991 354 factum
2023 305 2098 341 ire.

417 409 566 459 Longe
588 406 705 446 aliter
721 419 789 445 res
808 419 851 444 se
869 401 994 445 habet
1011 406 1055 444 in
1077 405 1262 458 passivo,
1293 405 1366 445 ubi
1385 405 1611 446 infinitivus
1631 407 1704 446 fut.
1726 407 1875 458 supino
1896 406 1941 446 in
1963 422 2060 453 um,
2092 408 2225 447 verbo
2255 410 2313 448 in·

234 483 397 528 addito,
423 481 648 535 nguine-ri
669 482 784 520 solet.
826 482 891 519 Ex
910 482 1057 520 eodem
1078 487 1214 519 antem
1233 481 1393 520 formae
1411 481 1606 533 propriae
1625 481 1802 527 defectu,
1824 495 1948 534 quem
1969 482 2090 522 etiam
2109 482 2153 523 in
2179 484 2309 522 activo

232 562 376 600 adesse
402 557 598 600 vidimus,
639 557 747 594 hanc
768 556 992 595 verborum
1017 555 1355 607 conjunctionem
1381 563 1517 593 natam
1540 568 1628 593 esse
1656 562 1861 605 putaums3
1905 558 1977 595 sed
1998 556 2097 595 ideo
2120 556 2200 595 nisi
2230 556 2309 594 cir-

232 632 579 675 cumlocutionem
598 628 851 683 illam-fore,
884 638 956 676 ut,
988 632 1070 669 huc
1091 630 1244 675 refers,
1275 630 1411 669 foma
1434 631 1520 668 sola
1546 629 1664 668 infin.
1682 630 1756 669 fut.
1776 639 1858 675 est,
1892 644 1997 683 quae
2018 640 2160 677 restat,
2193 633 2310 684 quod

231 709 300 748 issa
330 709 456 747 altera
488 705 693 758 conjugat.
720 704 1043 756 periphrasticae
1079 704 1234 744 admitti
1273 717 1361 742 non
1392 710 1549 755 potest,
1599 718 1691 743 cum
1716 705 1975 756 participium
2018 708 2131 758 quod
2158 714 2311 746 vocant

230 783 483 832 necessitatis
501 795 589 822 non
608 790 767 832 tempus
784 781 858 821 fut.
882 783 954 820 sed
974 795 1131 820 meram
1152 780 1437 820 necessitatem
1457 780 1672 832 significet.
1735 781 1802 819 Ad
1824 795 1946 834 quam
1963 782 2188 822 verborum
2207 797 2309 822 con-

229 858 488 913 junctionem
512 864 624 897 recte
644 855 927 908 explicandam
945 856 1163 907 superiora
1190 855 1313 895 nobis
1332 855 1376 894 in
1397 862 1576 894 mentem
1599 869 1840 895 revocemus
1867 870 2038 896 necesse
2065 865 2138 896 est.
2202 857 2310 897 Cum

235 935 425 987 supinum
453 933 674 973 notionem
701 932 895 971 infinitivi
924 931 1032 971 illius
1061 939 1218 977 servet,
1243 929 1424 971 verbum
1450 934 1580 971 eundi
1606 939 1763 976 autem,
1796 945 1819 969 a
1840 945 1924 984 quo
1944 934 2119 982 pendet,
2152 940 2309 971 motum

234 1013 285 1050 ad
300 1012 429 1049 finem
451 1009 791 1059 consequendum
810 1008 1033 1059 significet,
1063 1007 1289 1057 omiserit,
1310 1015 1374 1051 ut,
1397 1022 1522 1059 quum
1546 1008 1798 1063 constructio
1819 1009 1863 1046 in
1886 1008 2091 1059 passivum
2108 1010 2310 1047 vertenda

228 1084 326 1130 erit,
368 1097 510 1123 sensus
539 1081 721 1134 passivus
746 1081 790 1121 in
809 1083 939 1122 verbo
962 1086 1024 1122 ire
1041 1081 1259 1122 indicetur.
1322 1082 1463 1132 Quare
1489 1082 1817 1122 enuntiationem
1845 1082 1979 1123 illam:
2010 1089 2145 1136 puto,
2178 1086 2309 1123 illum

226 1162 332 1199 mihi
364 1160 572 1212 injuriam
591 1156 767 1209 factum
800 1160 884 1204 ire,
923 1158 978 1197 ita
1007 1158 1052 1196 in
1079 1157 1282 1208 passivum
1314 1164 1560 1196 convertere
1594 1142 1787 1198 debebis:
1836 1165 1969 1210 puto,
2012 1161 2064 1198 ab
2096 1161 2172 1197 illo
2206 1161 2314 1197 mihi

229 1236 440 1290 injuriqm
464 1231 642 1284 factum
670 1234 737 1270 iri.
815 1233 908 1282 Qua
935 1233 1243 1271 constructione
1273 1232 1327 1269 ita
1358 1232 1492 1282 posita
1525 1232 1629 1270 nihil
1661 1240 1741 1275 est,
1775 1235 1888 1284 quod
1918 1241 1958 1271 te
1995 1241 2193 1272 moretur.
2256 1232 2313 1270 At

226 1309 272 1350 in
300 1305 610 1348 constructione
639 1305 798 1357 passiva
829 1305 1044 1344 difficultas
1067 1304 1201 1355 aliqua
1235 1305 1332 1346 inde
1364 1307 1513 1353 oritur,
1556 1309 1669 1360 quod
1700 1308 1952 1348 accusativus
1978 1308 2071 1354 ille,
2118 1307 2305 1361 quamvis

227 1399 252 1425 a
271 1383 421 1435 supino
439 1384 641 1441 pendeat,
672 1381 717 1422 in
735 1378 1035 1449 nominativum
1053 1380 1322 1441 convertitm,
1354 1382 1408 1421 ita
1420 1391 1465 1421 ut
1482 1383 1731 1423 enuntiatio·
1765 1383 2161 1438 injuriamfactum
2184 1390 2303 1430 eunt,

226 1461 283 1499 in
280 1459 449 1511 passivo
467 1459 528 1497 sic
541 1457 818 1521 pronunciari
842 1457 1012 1494 debeat:
1044 1453 1199 1507 injuria
1203 1456 1367 1495 factum
1389 1458 1494 1507 itm3
1525 1458 1568 1495 id
1590 1460 1704 1510 quod
1720 1458 1762 1495 hi
1777 1458 1861 1496 loci
1881 1460 2085 1508 probant:
2116 1460 2170 1497 A.
2198 1461 2303 1497 Gell.

225 1538 292 1581 X,
315 1540 396 1578 ⁴14.
428 1536 493 1572 In
499 1536 581 1572 hac
597 1534 890 1584 contumelia,
933 1547 1044 1584 quae
1070 1528 1356 1586 mihifdctum
1378 1536 1478 1572 itur.
1543 1533 1708 1583 Quinct.
1737 1533 1836 1571 Inst.
1862 1541 1965 1572 orat.
2000 1535 2076 1573 IX.
2108 1543 2149 1579 2.
2181 1537 2304 1574 Reus

221 1612 445 1664 parricidii
469 1612 725 1648 damnatum
745 1612 800 1648 iri
820 1607 1057 1648 videbaffir.
1120 1608 1252 1675 Plaut.
1270 1610 1370 1648 Rud.
1392 1618 1432 1654 4,
1459 1617 1497 1652 Ἰ,
1524 1611 1590 1651 16.
1623 1610 1738 1647 Mihi
1759 1610 1923 1648 isthaec
1944 1612 2119 1649 videtur
2138 1613 2306 1661 praeda

225 1688 483 1739 praedatum
507 1685 622 1722 ἰνίον.
684 1683 735 1722 In
768 1697 852 1736 quo
884 1679 1226 1736 constructiOnis
1223 1697 1391 1738 genere
1426 1682 1575 1722 miuun
1603 1682 1647 1722 in
1679 1685 1848 1722 modum
1872 1674 2041 1736 linguae
2075 1691 2117 1723 et
2143 1692 2305 1723 veteres

230 1770 270 1802 et
301 1758 555 1800 recentiores
585 1772 678 1798 cum
705 1758 831 1797 latina
859 1746 1161 1809 consentiunt3
1181 1759 1295 1797 sicv.
1316 1772 1377 1810 gr.
1406 1770 1574 1809 graece·
1617 1756 1797 1800 ἔμελλεν
1829 1756 1854 1795 ό
1882 1757 2062 1811 φεύγων
2094 1758 2303 1810 κατακρί-

230 1835 397 1875 νεσθαι.
460 1834 637 1872 Gallice:
668 1835 844 1872 l’aceuse:
866 1833 977 1871 alloit
1004 1837 1089 1872 etre
1110 1836 1353 1873 condamne.
1385 1835 1534 1873 Bauer.
1560 1837 1611 1873 ad
1636 1835 1772 1873 Sanct-
1794 1835 1901 1873 Min.
1932 1836 1974 1879 1,
2004 1837 2106 1877 674.
2172 1835 2303 1886 Cujus

229 1908 550 1952 constructionis
577 1923 697 1948 causa
714 1908 813 1948 mihi
835 1908 879 1947 in
903 1908 1036 1951 studio
1057 1908 1127 1949 illo
1150 1909 1393 1948 Latinorum
1415 1909 1548 1961 posita
1566 1924 1655 1949 esse
1675 1909 1858 1956 videtur,
1893 1924 1979 1963 quo
2000 1918 2142 1950 notam
2168 1911 2302 1950 verbo

231 1998 467 2037 expressam
499 1985 550 2023 ad
571 1982 800 2035 subjectum
821 1990 975 2022 certum
1001 1984 1179 2030 referre,
1213 1998 1333 2037 quam
1356 1984 1400 2023 in
1421 1985 1681 2030 universum,
1714 1985 1901 2037 subjecto
1925 1986 2172 2036 subpresso,
2203 1998 2302 2036 pro-

230 2060 432 2102 nunciare
450 2059 677 2103 malebant,
710 2071 790 2111 qua
812 2057 976 2112 quidem
996 2071 1042 2097 re
1074 2058 1253 2097 orationi
1272 2060 1399 2098 multo
1421 2061 1512 2111 plus
1537 2059 1690 2112 vigoris
1712 2068 1835 2115 atque
1858 2059 2077 2102 alacritatis
2100 2062 2302 2099 accedere

230 2145 383 2176 noturu-
397 2143 469 2174 est.
532 2133 667 2184 Hujus
698 2133 817 2172 studii
848 2135 1033 2185 exempla
1058 2142 1236 2184 praetei·
1249 2134 1345 2173 alias
1374 2136 1702 2175 constructiones
1730 2137 1825 2176 illae
1851 2138 2101 2180 verborum,
2132 2135 2303 2182 dicitur,

229 2210 403 2257 traditur
428 2216 504 2248 etc.
528 2208 581 2247 cf.
599 2208 761 2259 Zumpt.
788 2220 822 2246 c.
843 2216 923 2253 70,
963 2216 998 2249 1.
1030 2215 1116 2247 not.
1140 2216 1165 2252 2
1201 2211 1341 2255 (580)
1378 2216 1417 2247 et
1430 2210 1654 2249 verborum
1671 2218 1829 2256 neutr.,
1863 2217 1926 2255 ut,
1960 2225 2052 2250 nox
2073 2213 2304 2256 dormitur,

230 2289 305 2326 υἰα
323 2289 436 2332 itur,
469 2283 633 2326 etcscf.
654 2284 816 2335 Zumpt.
842 2297 876 2322 c.
895 2293 974 2327 71,
1007 2292 1044 2324 1.
1077 2291 1162 2323 not.
1188 2285 1313 2331 (685)
1333 2286 1548 2335 praebent.
1611 2286 1736 2338 Apud
1758 2287 1943 2326 Graecos
1967 2294 2195 2338 poetasque
2213 2285 2303 2325 lati-

225 2374 304 2400 nos
324 2361 438 2408 hunc
457 2374 574 2399 usum
600 2358 765 2412 longius
784 2366 944 2411 patere,
961 2372 1049 2398 non
1072 2366 1132 2398 est
1161 2361 1274 2412 quod
1295 2359 1480 2410 pluribus
1500 2361 1762 2412 explicemus.
1798 2361 1850 2400 cf.
1874 2362 2062 2400 Giinther
2088 2361 2145 2400 im
2174 2361 2305 2400 Athe-

227 2438 351 2475 n‘aum
376 2450 462 2474 von
486 2436 678 2475 Giinther
691 2450 731 2474 u.
750 2436 1028 2475 Wachsmuth.
1061 2435 1093 2474 Ι.
1113 2435 1189 2474 Bd.
1227 2446 1262 2478 1.
1282 2436 1394 2475 Heft.
1426 2451 1467 2487 p.
1493 2440 1620 2485 58.*)
1652 2452 1693 2476 u.
1720 2437 1895 2476 Matthia
1927 2451 1988 2489 gr.
2013 2438 2087 2476 Gr.
2116 2437 2153 2488 §-
2175 2440 2276 2489 296.

274 2587 313 2631 *)
345 2584 392 2616 Es
418 2593 493 2615 war
518 2583 630 2615 sehon
657 2583 716 2618 die
732 2584 832 2617 Rede
848 2594 920 2616 von
938 2583 1001 2616 der
1018 2583 1211 2628 Neigung,
1245 2584 1301 2617 die
1321 2584 1526 2617 abstrakten
1546 2584 1698 2630 Begriffe
1733 2584 1784 2616 als
1805 2584 1988 2626 Adiectiva
2007 2584 2094 2617 oder
2117 2583 2309 2627 Participia

345 2647 383 2680 in
411 2646 471 2678 das
495 2643 643 2686 Subiect
668 2655 714 2677 zu
736 2644 860 2692 legen,
885 2646 964 2679 und
988 2657 1028 2679 so
1054 2646 1112 2679 ein
1138 2652 1344 2680 concretum
1368 2648 1435 2690 pro
1468 2646 1644 2680 abstracto
1665 2658 1711 2680 zu
1728 2647 1874 2684 bilden,
1900 2645 2055 2679 Beweise
2074 2646 2207 2679 hievon
2229 2647 2310 2680 sind

346 2708 461 2743 »chon
479 2706 528 2740 im
547 2705 802 2740 Griechiochen
814 2730 825 2746 ,
849 2718 904 2740 wo
924 2719 1008 2742 man
1028 2708 1126 2742 doch
1141 2715 1241 2742 sonst
1264 2719 1351 2754 gern
1372 2719 1476 2754 sogar
1494 2718 1605 2754 ganze
1624 2709 1725 2742 S'a'tze
1743 2708 1791 2742 als
1813 2708 1905 2742 Eine
1923 2707 2073 2750 Subjekt
2090 2728 2103 2734 -
2131 2708 2221 2742 oder
2239 2708 2311 2741 Ob-

1460 2779 1523 2820 3·
