2584 3102
2280 27 2308 62 5

209 146 340 186 gunt„
358 131 736 189 qu0d÷definitioni
763 129 821 176 illi
846 131 1071 171 verborum
1105 145 1158 170 ex
1189 130 1252 190 his
1273 131 1393 176 ⁴notis
1425 140 1580 173 sumtae
1622 135 1789 191 (Sanct.
1818 136 1925 177 Min.
1960 139 1993 183 Ι.
2023 148 2109 185 42.
2146 158 2191 194 Δρ.
2215 152 2300 193 90:
2356 143 2377 153 “

209 215 408 269 „verbum
426 218 488 268 est
506 207 809 260 vox‘particeps
831 206 993 264 numeri
1013 206 1244 258 personalis
1265 221 1358 248 cum
1369 206 1617 259 tempore.“)
1651 224 1786 265 aequo
1807 213 2014 265 majorem
2031 216 2159 256 fidem
2170 217 2302 257 habe-

208 291 322 331 bant.
383 286 465 332 Bes
486 283 596 325 enim
624 284 751 323 multo
773 282 889 322 aliter
908 296 953 322 se
972 282 1110 321 habet.
1174 283 1364 336 Namque
1392 285 1495 323 haec
1524 286 1711 326 definitio
1746 302 1798 327 ex
1829 297 1978 329 natura
2003 291 2146 336 verbi,
2187 295 2309 338 unde>

211 364 409 408 debebat,
448 374 536 400 non
569 367 699 399 sumta
730 366 815 404 est,
843 358 1039 410 ‚ideoque
1067 372 1157 397 non
1185 359 1232 397 in
1258 360 1399 399 omnia
1429 361 1558 399 verba
1591 365 1777 413 quadrat.
1853 365 2043 418 Namque
2070 367 2301 412 infinitivus

208 438 295 484 ille,
337 426 459 491 quem
489 431 1079 491 vocantactionisdurantis,
1121 446 1157 471 e.
1177 447 1237 485 gr.
1273 433 1480 481 scribere,
1523 450 1605 475 nec
1632 443 1793 489 tempus
1832 453 1911 478 nec
1952 454 2178 492 personas,
2218 456 2302 482 nec

207 516 357 554 modos
388 512 614 565 significat,
655 515 695 547 et
717 508 810 560 quis
838 515 920 553 est,
962 508 1034 560 qui
1052 522 1146 548 eum
1174 510 1294 565 verbi
1323 519 1481 560 partem
1510 527 1600 552 esse
1628 523 1765 566 neget.
1829 518 1973 556 Verba
2004 518 2303 569 impersonalia

208 603 354 630 omnes
370 598 572 640 personas
598 584 643 623 in
669 597 713 622 se
739 596 827 622 non
850 583 1085 629 admittunt,
1117 597 1254 636 neque
1272 592 1411 640 tamen
1440 588 1656 640 quisquam
1677 603 1725 628 ea
1750 604 1801 629 ex
1818 593 1957 631 verbis
1983 596 2190 633 movenda
2210 606 2303 633 esse

206 663 406 705 censebit.
480 664 620 714 Quare
649 674 728 701 nos
759 659 805 699 in
835 659 954 699 verbi
984 659 1158 699 notione
1194 673 1352 700 summa
1382 662 1486 701 nihil
1505 663 1619 708 aliud
1650 657 1787 704 inesse
1820 667 2053 713 statuimus,
2096 683 2219 721 quam
2248 676 2296 707 ut

207 739 499 780 condicionem
533 738 762 785 (Zustand)
796 735 822 773 i.
845 749 880 774 e.
903 736 994 774 fieri
1023 735 1199 788 aliquid,
1230 738 1294 775 vel
1316 751 1440 789 agere
1460 738 1664 791 aliquem,
1695 741 1909 792 significet.
1973 745 2079 782 Tum
2104 746 2296 788 demum,

206 830 333 870 quum
353 814 458 853 ratio
478 814 546 852 illa
565 813 737 864 triplex:
780 812 870 864 quis
890 820 1004 864 agat,
1037 826 1121 864 quo
1141 820 1353 862 tempore,
1388 828 1524 865 quove
1544 818 1694 860 modo,
1727 818 1929 861 habetur,
1959 818 2047 857 illas
2070 827 2152 857 tres
2174 828 2297 858 notas

204 906 430 944 personae,
467 890 664 942 temporis
691 898 731 928 et
751 889 887 934 modi,
920 890 1121 927 accedere
1137 903 1310 928 necesse
1334 898 1406 928 est.
1441 891 1524 938 (cf.
1553 891 1769 931 Reinbeck
1790 894 2029 934 Handbuch
2054 897 2092 934 d.
2117 896 2295 947 Sprach-

204 967 490 1010 wissenschaft
519 974 595 1006 ete.
628 967 661 1005 1.
686 967 762 1004 Bd.
798 966 834 1016 Q.
863 966 959 1009 156.
993 965 1125 1004 Rudd.
1150 964 1182 1004 Ι.
1206 972 1308 1009 204.
1342 966 1491 1005 Bauer.
1512 968 1564 1016 ad
1586 967 1724 1007 Sanct.
1747 968 1854 1008 Min.
1886 970 1919 1008 I.
1946 974 2035 1022 91.)
2062 993 2124 1000 —
2174 972 2296 1021 Quae

205 1060 297 1086 cum
323 1044 379 1085 ita
412 1043 513 1088 sint,
556 1056 608 1081 ex
624 1042 793 1081 defectu
820 1054 1114 1092 personarum,
1156 1048 1409 1092 temporum,
1442 1044 1686 1088 modorum,
1732 1058 1855 1096 quem
1883 1045 1928 1084 in
1960 1047 2119 1098 supinis
2150 1049 2298 1087 adesse

204 1122 325 1162 etiam
345 1134 423 1160 nos
443 1119 624 1159 libenter
647 1118 907 1171 profitemur,
940 1131 1062 1157 nemo
1083 1117 1227 1168 supina
1251 1131 1302 1156 ex
1318 1130 1494 1157 numero
1516 1119 1742 1158 verborum
1760 1124 2019 1161 removenda
2042 1136 2134 1161 esse
2156 1130 2299 1166 eruet,

205 1197 431 1237 dummodo
455 1194 573 1234 notio
597 1193 686 1240 illa,
721 1207 844 1245 quam
864 1191 982 1231 verbi
1002 1200 1192 1232 naturam
1222 1194 1386 1232 efficere
1416 1208 1539 1245 supra
1578 1194 1778 1241 diximus,
1824 1195 1941 1235 adsit.
2007 1197 2144 1247 Quam
2173 1196 2312 1246 etiam,

198 1272 245 1311 in
267 1270 423 1323 supinis
443 1272 611 1317 adesse,
645 1282 737 1308 cum
768 1270 902 1307 adhuc
931 1267 1146 1316 negaverit
1166 1281 1315 1320 nemo,
1347 1268 1415 1307 hic
1434 1270 1619 1320 probare
1649 1272 1904 1321 superfluum
1925 1270 2140 1318 duximus,
2165 1285 2291 1324 prae-

200 1347 339 1388 sertim
371 1347 485 1400 quod
516 1344 625 1384 infra
659 1346 710 1382 de
742 1344 822 1381 hac
852 1354 899 1379 re
930 1339 1082 1379 redibit
1114 1354 1264 1380 sermo.

385 1421 497 1472 Quid
519 1422 632 1473 quod
653 1418 846 1470 supinum
867 1416 981 1467 prius
1014 1430 1153 1455 casum
1175 1417 1293 1456 verbi
1323 1418 1457 1471 regit?
1519 1419 1673 1460 Nonne
1694 1422 1776 1460 hoc
1797 1421 1930 1472 ipsum
1949 1424 2074 1474 plane
2096 1423 2294 1468 ostendit,

198 1498 345 1551 supina
378 1498 485 1549 parti
515 1496 676 1535 cuidam
704 1495 823 1533 verbi
852 1493 1112 1544 subjicienda
1145 1506 1258 1536 esse,
1293 1508 1386 1532 cum
1407 1503 1553 1533 natura
1578 1495 1641 1534 rei
1665 1511 1897 1549 munusque
1925 1475 2054 1550 quod-
2069 1513 2187 1537 casus
2208 1500 2289 1538 ob-

198 1584 297 1615 eunt
335 1574 526 1613 evincant
561 1587 584 1610 a
619 1571 790 1630 nomine
828 1570 1080 1609 substantivo
1119 1569 1345 1620 genitivum
1381 1574 1508 1610 modo
1542 1575 1727 1621 pendere
1757 1587 1879 1623 posse
1899 1603 1910 1618 ,
1952 1574 2138 1626 reliquos
2171 1589 2292 1615 casus

200 1653 393 1703 obliquos
425 1657 557 1687 autem
592 1662 737 1686 omnes
769 1662 791 1685 a
821 1647 950 1685 verbo
981 1645 1110 1685 aliave
1139 1645 1338 1685 orationis
1369 1654 1485 1696 parte
1514 1648 1616 1700 regi.
1658 1648 1710 1687 cf.
1737 1649 1902 1699 Zumpt.
1932 1651 1959 1690 l.
1983 1665 2018 1689 c.
2050 1653 2115 1691 ed.
2148 1649 2296 1691 Kiefer

198 1743 233 1767 c.
257 1729 328 1778 69.
361 1728 409 1764 B.
430 1741 470 1777 p.
490 1734 560 1769 83.
592 1723 803 1762 Thierseh.
827 1723 900 1761 Gr.
918 1724 945 1760 l.
966 1736 1027 1773 gr.
1058 1723 1094 1773 Q.
1118 1730 1220 1765 275.
1253 1721 1477 1761 Reinbeck.
1499 1724 1524 1762 l.
1544 1738 1578 1762 c.
1601 1723 1632 1762 Ι.
1666 1723 1701 1775 Q.
1730 1732 1813 1776 119
1828 1748 1888 1756 —-
1905 1731 2003 1769 122.

384 1803 458 1847 At,
493 1800 643 1841 dixeris
673 1800 869 1842 fortasse,
903 1797 1024 1836 etiam
1055 1797 1133 1836 alia
1154 1797 1405 1836 substantiva
1429 1798 1609 1838 verbalia
1641 1812 1779 1838 casum
1797 1799 1918 1839 verbi
1946 1807 2121 1851 1·egunt;
2167 1814 2203 1839 e.
2225 1814 2288 1852 gr.

198 1881 418 1920 dativum:
452 1876 540 1917 Cic.
564 1878 615 1914 de
634 1877 741 1927 legg.
763 1874 803 1918 Ι,
840 1882 912 1917 15,
942 1881 1012 1915 42.
1044 1875 1224 1910 Iustitia
1246 1880 1311 1911 est
1333 1876 1641 1924 obtemperatio
1664 1878 1839 1925 scriptis
1865 1878 2033 1927 legibus
2058 1879 2296 1915 institutis-

158 1952 165 1958 ’
199 1969 282 2010 que
313 1958 593 2008 populorum.
658 1951 774 1989 Alios
796 1950 916 2001 hujus
935 1949 1099 2001 generis
1117 1950 1232 1986 locos
1254 1964 1471 1999 possumus
1489 1950 1655 2001 quidem
1675 1950 1867 2000 proferre
1896 1965 1948 1988 ex
1973 1951 2087 1989 nube
2110 1950 2177 1989 illa
2212 1966 2287 1990 ex-

197 2033 451 2085 emplorum,
486 2041 590 2082 quae
608 2029 731 2066 Voss.
756 2027 921 2065 Constr.
942 2041 975 2063 c.
998 2034 1036 2067 8.
1068 2028 1189 2065 Anal.
1208 2028 1282 2064 111.
1307 2038 1346 2077 9.
1379 2030 1510 2064 Rudd.
1533 2029 1587 2064 11.
1608 2037 1709 2076 239.
1742 2029 1907 2065 Ramsh.
1930 2028 1966 2077 Q.
1986 2039 2004 2068 1
2020 2029 2086 2069 ¹6.
2119 2028 2171 2066 A.
2190 2028 2223 2066 1.
2248 2039 2286 2069 1.

196 2110 360 2157 Zumpt.
380 2117 414 2143 c.
440 2113 516 2147 84,
551 2113 604 2144 10
638 2104 779 2149 (681)
823 2104 1100 2152 collegerunt;
1141 2105 1214 2140 sed
1242 2117 1333 2140 cum
1356 2110 1499 2141 omnes
1526 2106 1693 2145 eadem,
1728 2117 1810 2154 qua
1838 2104 1908 2141 hic
1934 2112 2098 2147 noster,
2142 2111 2293 2151 natura

198 2184 300 2227 sint,
325 2183 513 2233 ⁴ideoque
547 2180 666 2218 etiam
698 2180 806 2217 idem
835 2180 886 2216 de
915 2178 990 2216 illis
1019 2178 1172 2221 valeat,
1205 2180 1340 2228 plures
1367 2179 1516 2217 afferre
1542 2179 1857 2229 supersedemus
1881 2186 2006 2231 atque
2025 2179 2205 2219 lectores
2233 2180 2288 2219 ad

197 2274 271 2298 eos
290 2273 396 2327 quos
415 2257 667 2296 laudavimus
689 2263 877 2294 auctores
898 2256 1171 2294 amandamus.
1237 2255 1362 2294 Hunc
1385 2268 1487 2294 vero
1503 2254 1642 2293 locum
1662 2252 1695 2292 si
1716 2253 1947 2294 accuratius
1968 2254 2288 2301 examinaveris,

196 2348 458 2387 nequaquam
479 2335 530 2371 ad
551 2331 852 2373 Graecismum,
886 2339 928 2368 ut
951 2330 1180 2368 Giirenzius
1209 2332 1261 2367 ad
1289 2330 1329 2367 h.
1348 2331 1373 2367 l.
1403 2329 1552 2380 aliique
1578 2331 1822 2374 voluerunt,
1855 2329 1931 2369 tibi
1956 2329 2290 2381 confugiendum

197 2423 287 2448 esse
316 2410 528 2453 invenies,
571 2423 662 2447 cum
700 2409 853 2446 dativus
895 2421 983 2446 non
1023 2422 1045 2445 a
1080 2406 1361 2447 substantivo:
1417 2405 1801 2458 „obtemperatio‘ss
1844 2409 1918 2447 sed
1950 2422 1973 2446 a
2003 2422 2127 2447 sensu
2160 2407 2287 2447 totius

196 2483 499 2532 enuntiationis,
517 2486 713 2535 pendeat,
756 2482 933 2534 ideoque
974 2496 1110 2522 merus
1153 2482 1310 2523 dativus
1346 2481 1553 2522 commodi
1604 2496 1726 2535 quem
1753 2490 1907 2522 vocant
1955 2482 2018 2521 sit.
2121 2484 2214 2533 Qua
2241 2482 2289 2521 in

198 2558 471 2612 explicatione
501 2557 829 2598 consentientem
858 2558 1054 2598 habemus
1081 2559 1131 2597 V.
1157 2558 1209 2598 D.
1239 2557 1438 2598 Kritzium
1469 2559 1520 2597 ad
1553 2558 1648 2598 Sall.
1681 2558 1768 2601 Cat.
1799 2565 1880 2604 32,
1919 2568 1956 2602 1.

381 2633 477 2674 Pari
510 2635 635 2674 modo
669 2633 789 2674 etiam
817 2634 862 2674 in
890 2633 968 2675 illis
998 2633 1124 2690 locis,
1155 2633 1199 2674 in
1220 2633 1369 2687 quibus
1402 2634 1651 2673 accusativus
1676 2636 1728 2685 ad
1752 2634 2049 2674 substantivum
2069 2636 2235 2675 verbale
2261 2650 2287 2675 a

197 2713 326 2752 verbo
356 2713 416 2751 ire
442 2711 507 2751 vel
522 2709 752 2762 composito
771 2711 1028 2752 descendens
1050 2710 1260 2763 appositus
1279 2717 1359 2756 est,
1394 2724 1429 2749 e.
1453 2724 1513 2762 gr.
1536 2708 1584 2750 C.
1606 2710 1654 2750 B.
1679 2711 1729 2750 G.
1749 2711 1779 2751 1.
1797 2719 1820 2755 5
1856 2714 2037 2750 domum
2057 2713 2283 2751 reditionis
