2584 3102
207 99 262 136 12

719 200 804 247 De
833 200 1022 262 supino
1055 196 1222 260 priori
1250 212 1340 244 seu
1370 193 1570 261 supino?
1588 198 1644 244 in
1678 213 1812 246 um«

394 317 501 358 Cum
523 318 574 356 de
596 314 747 367 supino
765 312 899 365 priori
924 312 968 353 in
994 311 1134 364 specie
1156 318 1322 364 agentes
1349 325 1439 351 eam
1470 325 1592 364 quam
1617 312 1740 352 nobis
1768 314 2063 364 proposuimus
2088 316 2196 357 viam
2227 317 2291 357 in-

214 394 397 448 gressuri
420 393 565 437 simus,
599 397 696 430 ante
719 389 859 429 omnia
880 388 1004 428 nobis
1038 389 1340 428 ostendendum
1363 388 1460 433 erit,
1498 387 1690 438 supinum
1710 387 1808 427 illud
1830 396 1870 428 et
1893 389 2235 441 significationem
2263 402 2303 434 et

212 470 401 523 regimen
420 467 617 507 infinitivi
638 480 814 506 servare.
878 466 969 505 Jam
987 478 1086 504 vero
1106 464 1151 502 in
1175 463 1365 503 omnibus
1393 477 1498 517 quae
1519 461 1704 515 proferri
1721 467 1895 519 possunt
1917 466 2115 517 exemplis
2145 483 2301 510 summa

212 546 281 584 ina
304 543 500 585 infinitivi
521 540 639 581 notio
659 548 741 579 tam
769 540 878 579 clar‘e
897 540 1030 578 elucet
1044 568 1055 584 ‚
1081 547 1125 578 ut
1146 553 1359 591 nunquam
1378 539 1423 578 in
1442 539 1611 578 dubium
1630 546 1776 578 vocata
1797 538 1859 578 sit.
1922 531 1973 578 l‘n
1994 540 2124 580 tribus
2145 551 2302 584 tantum
2321 559 2323 561 ’

213 620 321 659 locis
340 618 467 669 aliqui
485 618 569 657 vim
597 630 711 656 mere
730 615 931 667 passivam
955 614 1034 653 sibi
1055 615 1376 665 deprehendisse
1397 614 1472 653 visi
1495 621 1611 668 sunt,
1645 603 1837 654 nimii-um
1858 616 1989 658 Plaut.
2009 617 2102 655 Aul.
2123 626 2163 662 3,
2191 627 2231 663 5,
2260 629 2299 670 9.

216 689 269 736 Α.
294 696 399 734 Gell.
424 693 509 737 ΙΙΙ,
543 699 583 734 2.
621 691 745 730 Mart.
771 690 848 728 ΧΙ.
879 696 918 732 8.
983 689 1064 727 Sed
1091 688 1211 727 etiam
1242 687 1286 746 in
1317 688 1380 727 his
1403 688 1507 727 locis
1533 688 1593 727 vis
1620 690 1749 728 activa
1777 689 1822 728 in
1849 703 2004 729 summa
2028 691 2095 731 illa
2126 680 2300 734 notione

215 771 380 814 inesse,
415 767 449 807 si
467 780 557 806 rem
587 765 812 804 accuratius
839 762 1160 806 examinaveris,
1191 761 1407 827 intelligeS.
1442 763 1494 801 cf.
1514 764 1677 801 Ramsh.
1710 764 1745 814 §.
1778 772 1875 808 170.
1915 766 2038 805 Voss.
2069 767 2191 807 Anal.
2223 769 2298 809 ΙΙΙ.

221 855 288 887 21.
331 845 470 883 Sanct.
491 843 596 882 Min.
619 843 661 886 1,
696 843 794 884 563.

406 935 563 985 Supina
582 934 723 985 priora
743 945 871 982 porro
893 944 1028 969 casum
1048 929 1167 968 verbi
1187 943 1336 981 regere
1353 930 1534 982 ideoque
1553 944 1652 969 vere
1678 932 1795 970 verbi
1816 941 1975 983 partem
1998 935 2177 987 aliquam
2200 951 2303 983 esse,

220 1011 356 1051 multis
374 1011 556 1062 probare
576 1021 664 1047 non
688 1020 791 1058 opus
812 1013 890 1050 est,
925 1018 1017 1044 cum
1041 1006 1324 1056 exemplorum
1342 1006 1497 1045 nubem
1519 1006 1714 1059 colligere
1734 1006 1901 1047 cuilibet
1918 1008 2042 1048 facile
2064 1010 2136 1060 sit3
2169 1026 2302 1062 pauca

218 1094 375 1126 tantum
402 1099 495 1124 cum
526 1084 587 1123 his
620 1096 725 1135 quae
745 1068 888 1120 ‘verba
918 1087 1069 1133 regunt
1110 1080 1271 1119 casibus
1303 1083 1519 1125 addamus,
1568 1091 1675 1133 quae
1704 1083 1889 1122 omnium
1918 1084 2049 1123 instar
2089 1099 2177 1125 esse
2204 1101 2302 1138 pos-

224 1170 331 1201 sunt.
394 1161 510 1210 Virg.
527 1160 635 1197 Aen.
658 1157 720 1201 11,
758 1159 857 1200 786.
901 1157 984 1195 Aut
1006 1154 1142 1205 Graiis
1164 1155 1356 1194 servitum
1378 1155 1575 1195 matribus
1593 1156 1679 1195 ibo.
1744 1158 1835 1196 Liv.
1861 1159 1948 1203 111,
1982 1167 2052 1202 25.
2084 1162 2229 1213 Legati
2249 1163 2301 1201 ab

220 1239 351 1276 Roma
377 1240 583 1274 venerunt
612 1239 801 1285 questum
826 1230 1000 1283 injurias
1029 1238 1069 1271 et
1100 1245 1152 1270 ex
1180 1231 1354 1270 foedere
1380 1245 1447 1270 res
1473 1231 1705 1283 repetitum.
1759 1232 1807 1273 C.
1826 1234 1875 1273 Β.
1899 1235 1949 1273 G.
1979 1235 2080 1281 VII,
2116 1237 2186 1289 66.
2218 1239 2302 1277 Ro.

224 1325 371 1353 manos
406 1326 483 1352 usu
514 1322 653 1351 rerum
675 1306 1002 1348 necessariarum
1025 1313 1064 1346 et
1081 1306 1277 1359 dignitate
1298 1289 1517 1360 spoliatum
1533 1290 1598 1346 iri.
1619 1329 1681 1338 —
1709 1309 1930 1363 Plurabqui
1951 1310 2157 1365 desideret
2176 1300 2307 1351 adeat.

223 1370 356 1428 nuda.
388 1389 450 1433 11,
483 1396 584 1438 239·

414 1480 554 1529 Quare
585 1490 677 1516 cum
711 1474 903 1525 supinum
935 1474 1049 1524 prius
1084 1481 1124 1513 et
1159 1472 1502 1526 significationem
1546 1480 1589 1513 et
1619 1476 1810 1528 'regimen
1846 1476 2062 1522 infinitivi,
2102 1486 2146 1517 ut
2168 1477 2310 1530 paucis

229 1553 505 1598 ostendimus,
537 1558 691 1598 servet,
723 1550 904 1602 ideoque
934 1549 1037 1602 quin
1069 1548 1661 1603 infinitiviss-forma-quaedam
1688 1551 1759 1598 sit,
1785 1551 1895 1592 nihil
1920 1552 2140 1604 impediat,
2171 1562 2309 1595 tamen

227 1628 545 1681 investigatione
565 1627 703 1679 paullo
732 1624 926 1677 longiore
955 1638 1058 1676 opus
1081 1639 1170 1664 esse
1191 1624 1381 1671 vidmur,
1413 1633 1459 1665 ut
1478 1626 1777 1678 hocnupinum
1794 1642 1892 1667 vere
1912 1628 2131 1676 accusativi
2159 1643 2310 1680 munusv

232 1706 442 1755 quoddam
473 1717 610 1755 neque
632 1711 777 1746 ‚tamen
800 1700 1036 1739 universum
1059 1702 1179 1740 obire
1199 1711 1406 1752 appareat.
1466 1703 1518 1742 ln
1542 1704 1696 1747 abacta
1724 1711 1883 1749 autem,
1915 1704 1949 1744 si
1977 1703 2076 1755 quid
2091 1701 2311 1750 videmus,

221 1792 246 1818 a
278 1786 425 1818 natura
457 1776 673 1818 accusativi
712 1783 894 1821 tantum,
939 1789 1018 1826 pro
1052 1790 1135 1830 quo
1167 1777 1249 1817 hoc
1280 1776 1474 1830 supinum
1509 1777 1750 1825 habendum
1785 1792 1876 1818 esse
1910 1777 2149 1823 docuimus,
2192 1785 2305 1818 recte

218 1854 347 1894 ordiri
377 1853 545 1907 poteris.

398 1944 666 1984 Accusativus
687 1943 814 1996 igitur
839 1957 956 1982 casus
978 1944 1132 1995 objecti
1151 1951 1223 1987 est,
1245 1943 1290 1981 in
1309 1946 1423 1995 quod
1444 1943 1550 1983 actio
1571 1945 1700 1984 verbo
1721 1945 1949 1997 significata
1968 1945 2122 1985 directe
2141 1946 2300 1991 tramit,

219 2034 347 2073 quare
370 2014 599 2060 etiam'fere
618 2020 775 2072 ubique
805 2033 828 2058 a
847 2018 985 2058 verbis
1011 2028 1137 2060 tram.
1164 2020 1339 2070 pendet,
1372 2028 1479 2071 qua'e
1505 2019 1587 2059 vim
1615 2033 1729 2060 suam
1750 2034 1805 2060 eo
1832 2021 1924 2072 ipso
1944 2021 2148 2073 regimine
2170 2020 2302 2060 mani-

219 2096 382 2136 festant.
445 2097 535 2136 Jam
560 2110 662 2135 vero
695 2094 946 2135 infinitivum
983 2094 1097 2134 illum
1138 2109 1260 2148 quem
1287 2102 1440 2147 vocant
1469 2095 1644 2136 actionis
1675 2096 1882 2142 durantis,
1916 2110 2009 2136 cum
2035 2096 2167 2136 vicem
2193 2103 2308 2148 gerat

226 2171 490 2217 substantivi,
520 2172 579 2212 uti
600 2185 722 2225 supra
743 2171 981 2216 docuimus,
1015 2186 1037 2210 a
1060 2171 1198 2211 verbis
1219 2178 1345 2211 trans.
1366 2172 1515 2211 eodem
1538 2172 1689 2217 modo,
1722 2185 1806 2226 quo
1825 2172 2076 2212 substantiva
2093 2171 2181 2224 ipsa
2201 2184 2305 2224 pen-

223 2250 323 2287 dere
345 2261 491 2298 posse,
525 2257 566 2286 ut
588 2262 610 2286 e
631 2255 778 2287 natura
797 2248 859 2286 rei
882 2247 1065 2300 sequitur
1088 2248 1145 2286 ita
1166 2247 1287 2287 etiam
1315 2262 1391 2287 usu
1416 2248 1574 2301 ubique
1593 2248 1902 2298 comprobatur.
1965 2249 2155 2301 Namque
2182 2262 2221 2286 v.
2241 2260 2301 2299 gr.

213 2323 258 2363 in
277 2326 375 2364 loco
396 2323 468 2363 illo
489 2324 581 2363 Sall.
604 2323 692 2364 Cat.
720 2332 795 2368 10,
829 2332 870 2367 4.
911 2326 1113 2364 Avaritia
1141 2324 1415 2376 superbiam,
1450 2326 1771 2370 crudelitatem,
1805 2328 1909 2364 deos
1941 2328 2182 2378 negligere,
2217 2336 2305 2364 om-

216 2404 291 2439 nia
323 2402 501 2439 venalia
529 2402 682 2439 habere
709 2403 901 2450 edocuit5
936 2400 1027 2452 quis
1054 2407 1136 2444 est,
1169 2399 1290 2452 quin,
1320 2399 1548 2439 infinitivus
1581 2401 1730 2438 eodem
1756 2402 1907 2445 modo,
1949 2413 2033 2452 quo
2065 2408 2202 2438 cetera
2228 2399 2298 2438 illa

210 2476 387 2515 nomina
406 2476 654 2514 substantiva
674 2489 698 2514 a
716 2477 847 2515 verbo
870 2479 1044 2514 edocuit
1062 2477 1270 2526 pendere,
1301 2476 1491 2528 ideoque
1505 2477 1783 2522 accusativos,
1810 2490 1917 2528 quos
1938 2482 2111 2520 vocant,
2141 2475 2297 2526 objecti

208 2550 425 2603 propioris
456 2564 567 2595 esse,
599 2549 809 2602 intelligat.
874 2550 953 2591 Cui
973 2550 1066 2590 usui
1087 2550 1332 2591 Latinorum
1355 2551 1475 2590 etiam
1508 2565 1605 2591 usus
1633 2551 1678 2590 in
1705 2550 1847 2604 lingua
1870 2565 1930 2603 gr.
1965 2565 2017 2590 ex
2045 2550 2159 2591 omni
2185 2556 2301 2601 parte

206 2628 449 2678 respondet.
492 2627 603 2665 Xen.
634 2625 769 2664 Anab.
807 2626 849 2671 Ι,
883 2633 931 2671 2,
965 2633 1037 2669 27.
1091 2624 1306 2668 Σύννεσις
1337 2623 1419 2670 μὲν
1458 2621 1593 2665 ἔδωκε
1639 2624 1782 2678 Κύρῳ
1817 2623 2032 2678 χρήματα
2064 2620 2215 2662 πολλοὶ
2251 2620 2302 2662 εἰς

210 2701 294 2753 τήν
317 2700 557 2754 στρατιάν,
593 2698 740 2751 Κῦρος
765 2696 799 2737 δ’
826 2700 975 2750 ἐκείνῳ
1012 2697 1161 2752 δῶρα,
1197 2700 1227 2738 ἄ
1249 2702 1475 2747 νομίὲεται
1506 2701 1626 2754 παρά
1649 2700 1829 2748 βασιλεῖ
1851 2701 2167 2745 tinias-{mcci}
2196 2709 2305 2745 χρυ-

213 2774 467 2828 σοχάλινον
487 2809 496 2819 .
517 2806 527 2816 .
546 2807 557 2818 .
593 2772 669 2814 nai
689 2773 773 2828 τήν
797 2774 957 2829 χώραν
978 2775 1133 2830 μηκέτι
1155 2774 1471 2831 ἀρπάζεσῦαι,’
1489 2775 1541 2816 τά
1576 2772 1619 2816 δὲ
1647 2773 1935 2831 ἡρπασμένα,
1967 2772 2027 2826 ἤν
2050 2783 2136 2810 που
2161 2768 2307 2822 ἐγτυγ-
