2584 3102
231 0 260 55 ,4

591 37 607 47 x
1168 29 1178 34 a
1378 32 1382 38 ,
1731 20 1749 38 :¹
1974 39 1977 41 .
2253 15 2341 51 -μΙν

228 125 425 164 magnum
455 111 557 155 illud
586 119 797 150 certamen
834 111 946 150 inter
975 113 1263 163 grammaticos
1297 122 1488 155 exortum
1519 118 1734 163 nondum,
1780 122 1898 171 quod‘
1933 120 2081 172 sciam,
2122 127 2175 164 ad
2203 127 2332 169 finem

229 188 555 229 adductumest.
619 185 824 225 Nimirum
865 200 958 225 cum
991 187 1141 237 supina
1171 202 1311 241 neque
1342 190 1387 229 in
1421 190 1564 243 lingua
1600 206 1748 245 graeca
1777 208 1916 247 neque
1943 196 1988 235 in
2025 199 2332 242 recentioribus

229 261 438 305 habeant,
472 262 586 312 quod
606 260 677 304 iis,
711 259 744 298 si
769 259 947 299 formam
969 261 1099 300 solam
1119 263 1376 313 respexeris,
1410 269 1687 317 respondeat,
1720 270 1972 321 grammatici
1999 270 2102 313 inde
2122 289 2146 313 a
2166 278 2332 317 saeculo

230 338 348 376 XVI.
378 338 488 375 inter
521 351 565 375 se
603 345 763 375 certare
798 346 1052 389 coeperunt,
1086 341 1137 377 ad
1170 353 1391 390 quamnam
1423 349 1584 392 partem
1618 326 1816 383 orationis
1841 347 2117 387 necessariam
2145 363 2206 388 ea·
2220 351 2329 390 refe-

232 414 364 452 renda
391 419 546 451 essent.
610 413 801 465 Namque
825 413 973 464 supina
1007 428 1084 465 per
1104 429 1148 454 se
1175 418 1335 467 partem
1358 416 1559 457 orationis
1582 419 1856 461 necessariam
1882 434 1970 461 non
1992 423 2176 469 efficere,
2210 439 2262 465 ex
2284 441 2333 466 ea

230 502 277 527 re
321 489 477 538 poteris
518 489 761 539 conjicere,
812 492 927 541 quod
965 504 1013 529 ea
1045 491 1231 543 alioquin
1262 493 1384 533 etiam
1416 494 1459 532 in
1492 494 1685 534 omnibus
1723 495 1876 548 linguis
1921 498 2216 540 excultioribus
2254 504 2326 541 ad·

232 577 323 602 esse
351 571 590 614 oporteret,
636 579 730 604 cum
762 566 931 618 quaevis
958 566 1100 618 lingua
1129 569 1278 606 eodem
1306 570 1429 619 plane
1457 582 1652 614 munere,
1696 578 1739 608 ut
1770 573 1882 623 quod
1912 581 2050 613 mente
2083 584 2329 628 conceptum

230 639 281 679 sit
301 625 712 686 verbis-enunciet)
731 641 941 694 fungatur.
1008 643 1149 700 Quare
1175 655 1264 681 non
1297 642 1419 687 facile
1441 643 1659 696 quisquam
1681 644 1939 693 invenietur,
1972 649 2044 700 qui
2078 651 2227 702 supina
2258 652 2325 693 alii

231 715 394 754 cuidam
426 716 536 765 parti
571 717 774 756 orationis
809 716 1069 755 necessariae
1097 703 1357 765 subjicienda
1390 731 1479 756 esse
1511 725 1656 768 neget3
1701 721 1752 757 de
1789 734 1838 759 ea
1865 736 1911 760 re
1950 730 2108 764 tantum
2143 724 2329 778 quaestio

231 794 368 831 adhuc
403 793 564 834 moveri
588 795 714 836 solet,
747 800 883 830 utrum
915 792 1063 841 supina
1098 794 1151 829 ad
1188 806 1345 834 nomen
1387 806 1441 831 an
1479 796 1531 832 ad
1565 797 2005 843 verbum.referenda
2042 801 2137 839 sint.
2206 804 2348 853 Quod(

230 876 407 921 utraque
429 871 557 908 mo'do
580 868 787 908 sententia
808 867 1040 906 examinata
1069 875 1159 906 utra
1182 869 1262 906 utri
1283 869 1560 920 praeferenda
1585 870 1637 909 sit
1668 873 1906 922 apparebit,
1938 876 2043 916 haec
2059 875 2125 922 via
2147 877 2332 924 ineunda

230 946 356 985 nobis
382 946 468 985 visa
492 953 573 990 est,
607 955 650 985 ut
672 944 895 996 propositis
926 958 1032 997 quae
1052 945 1095 984 in
1119 945 1304 995 priorem
1326 946 1573 987 sententiam
1595 948 1701 988 dicta
1729 957 1845 995 scunt,
1878 950 1978 1004 quid
2007 965 2086 991 nos
2106 953 2329 995 sentiamus

230 1025 371 1074 paullo
406 1022 615 1074 copiosius
649 1021 915 1072 explicemus.

415 1114 571 1164 Supina
600 1114 644 1152 in
675 1112 919 1153 nominihus
949 1116 1149 1164 ponenda
1177 1128 1286 1158 esse,
1317 1114 1579 1154 Priscianum
1606 1116 1728 1159 V111,
1760 1127 1811 1167 9,
1846 1126 1902 1160 47
1938 1120 2042 1165 (Ed.
2065 1121 2136 1158 ΚΓ.
2159 1121 2326 1173 1„pag.

236 1193 420 1241 395.)‚')
453 1189 583 1228 secuti
609 1189 785 1227 Vossius
809 1190 932 1228 Anal.
956 1190 1040 1234 ΙΙΙ,
1084 1200 1151 1231 11.
1185 1198 1254 1233 12.
1302 1189 1564 1236 Consti-„54
1607 1192 1780 1230 Ursinus
1801 1193 1841 1236 Ι,
1869 1207 1909 1243 p.
1932 1195 2034 1237 634.
2078 1193 2327 1235 Perizonius

234 1267 286 1305 ad
306 1264 444 1305 Sanct.
466 1265 574 1304 Min.
606 1264 694 1310 ΙΙΙ,
723 1276 749 1317 9
783 1267 843 1313 (Ι.
873 1281 914 1316 p.
937 1267 1021 1309 655
1053 1267 1117 1304 ed.
1138 1266 1311 1312 Bauer.)
1340 1265 1492 1317 aliique
1522 1265 1851 1319 contenderunt3
1896 1268 1997 1321 quin
2028 1269 2150 1310 etiam
2174 1269 2328 1311 nostris

233 1341 491 1392 temporibus
526 1342 744 1393 Zumptius
775 1341 819 1381 in
854 1355 1025 1394 gramm.
1055 1341 1223 1394 linguae
1248 1343 1316 1380 lat.
1342 1355 1400 1386 -c.;
1425 1349 1502 1387 83,
1540 1351 1575 1384 1.
1621 1342 1770 1390 (663.)
1818 1346 2116 1386 Ramshornius
2153 1348 2189 1399 ᾧ.
2226 1346 2325 1392 170.

238 1423 279 1456 et
305 1418 590 1458 Grotesendus
622 1419 659 1471 §-
683 1420 770 1462 226
804 1421 978 1459 eandem
1002 1419 1093 1458 sere
1116 1417 1350 1457 doctrinam
1370 1426 1626 1470 proponunt.

415 1517 829 1577 Qtlam‘sententiam
862 1534 907 1565 ut
931 1526 1230 1566 confirmarent
1263 1527 1484 1566 ostendere
1518 1525 1656 1567 conati
1685 1536 1801 1573 sunt,
1845 1527 2014 1579 supina,
2054 1529 2111 1569 uti
2142 1518 2317 1572 omnino

230 1601 384 1642 nullam
414 1616 555 1644 earum
582 1617 722 1644 rerum
762 1616 868 1656 quae
897 1600 1016 1643 verbi
1045 1600 1125 1641 sint
1165 1600 1364 1654 propriae
1397 1610 1582 1649 servent,
1627 1602 1679 1643 ita
1719 1602 1911 1644 omnibus
1944 1584 2044 1657 quas
2082 1603 2125 1645 in
2153 1604 2325 1648 nomine

230 1678 486 1719 substantivo
512 1678 646 1730 possis
676 1678 892 1732 requirere
924 1677 1018 1717 satis
1042 1678 1204 1717 fecisse.
1270 1678 1459 1732 Namque
1482 1679 1627 1731 supina
1653 1692 1731 1719 nee
1752 1677 1936 1731 tempus,
1975 1694 2056 1720 nee
2075 1682 2223 1721 modos
2249 1695 2328 1723 nec

229 1769 432 1806 personas
452 1756 710 1809 significare,
744 1770 883 1809 neque
908 1769 1030 1807 posse
1059 1769 1110 1793 cx
1129 1769 1176 1793 ea
1197 1769 1264 1800 re,
1299 1756 1411 1808 quod
1443 1769 1580 1795 casum
1603 1744 1789 1808 regant,¹
1814 1770 1861 1795 ea
1891 1755 1933 1795 in
1958 1755 2094 1795 verbis
2127 1754 2325 1809 ponenda

225 1847 315 1871 esse
349 1835 461 1877 erui,
508 1848 599 1872 cum
630 1833 751 1872 etiam
793 1834 870 1871 alia
904 1832 1157 1872 substantiva
1189 1833 1373 1870 verbalia
1410 1844 1549 1870 casum
1586 1831 1703 1869 verbi
1739 1841 1907 1882 regant:
1960 1841 2104 1871 contra
2143 1848 2190 1872 ea
2233 1848 2353 1872 non'

226 1910 359 1947 solum
389 1925 482 1948 eum
504 1909 768 1948 substantivis
802 1909 1020 1959 componi,
1054 1910 1125 1947 sed
1148 1907 1269 1946 etiam
1296 1923 1317 1946 a
1345 1906 1723 1958 praepositionibus
1752 1909 1958 1961 pendere,
1993 1908 2095 1959 quin
2124 1908 2322 1959 adjectiva

221 1998 312 2034 ipsa
342 2000 430 2025 non
459 2001 556 2024 raro
582 1985 838 2030 adsciscere,
874 2001 980 2037 quae
1004 1983 1171 2036 quidem
1193 1983 1331 2022 omnia
1360 1982 1542 2022 nominis
1572 1982 1812 2022 substantivi
1838 1983 1930 2022 sint.
1994 1984 2089 2023 Huc
2123 1985 2324 2024 accedere

224 2061 504 2101 testimonium
524 2062 753 2107 Prisciani,
788 2061 967 2102 auctoris
986 2076 1250 2113 nequaquam
1279 2058 1518 2111 spernendi.
1586 2059 1704 2109 Quae
1727 2058 1893 2111 quidem
1916 2068 2158 2111 argumenta
2183 2061 2321 2102 omnia

226 2143 425 2189 quantum
453 2137 652 2178 momenti
685 2138 869 2178 habeant
902 2152 953 2177 ex
985 2136 1048 2177 his
1083 2151 1190 2190 quae
1224 2134 1370 2176 dicturi
1405 2149 1565 2181 sumus,
1608 2133 1728 2176 facile
1761 2133 1977 2188 intelliges.

412 2248 538 2297 Quod
560 2247 726 2291 dicunt,
765 2247 913 2299 supina
934 2262 1013 2298 pro
1035 2246 1172 2285 verbis
1191 2244 1337 2283 haberi
1356 2259 1444 2283 non
1468 2259 1613 2294 posse,
1648 2246 1764 2296 quod
1782 2258 1863 2282 nec
1880 2247 2028 2283 modos
2057 2259 2136 2283 nec
2160 2253 2320 2296 tempus

217 2327 300 2358 ‘nee
327 2335 529 2371 personas
560 2323 818 2374 significent,
860 2337 907 2361 ea
937 2337 984 2361 re
1018 2323 1089 2373 qui
1127 2322 1223 2359 huic
1251 2321 1480 2359 sententiae
1517 2321 1831 2370 patrocinantur
1862 2320 1906 2357 in
1941 2334 2130 2359 errorem
2160 2322 2317 2360 inducti

265 2454 305 2497 ⁰)
340 2452 514 2497 Virgilius
548 2454 585 2486 in
611 2455 672 2486 lv.
703 2454 901 2487 Aeneidos:
945 2454 1122 2486 Venatum
1156 2455 1295 2486 Aeneas
1330 2464 1474 2497 unaque
1511 2451 1704 2485 miserrima
1741 2450 1841 2484 Dido
1874 2450 1910 2482 in
1947 2461 2071 2484 nemus
2111 2452 2159 2485 ire
2196 2460 2323 2496 parant

337 2514 361 2547 i.
381 2525 410 2547 e.
438 2514 486 2546 ad
511 2516 726 2548 venandum.
786 2515 884 2549 Idem
910 2515 949 2546 in
975 2525 1095 2546 nono:
1132 2513 1168 2545 Si
1205 2516 1353 2546 fortuna
1378 2513 1583 2556 permittitis
1609 2512 1680 2550 uti,
1716 2512 1916 2557 quaesitum
1942 2515 2086 2545 Aenean
2123 2520 2154 2545 ct
2181 2514 2322 2545 moenia

337 2576 517 2608 Pallantea
542 2576 565 2609 i.
587 2588 614 2609 e.
640 2578 684 2609 ad
707 2576 969 2621 quaerendum.
1029 2576 1182 2607 Videtur
1206 2582 1324 2607 tamen
1360 2576 1431 2614 hoe
1458 2585 1605 2618 quoque
1633 2574 1735 2617 quasi
1763 2574 1873 2616 ipsius
1900 2575 1947 2607 rei
1977 2585 2049 2607 csse
2077 2563 2318 2608 accusativus.

339 2643 373 2670 et
396 2638 473 2671 sine
498 2638 766 2682 praepositione
792 2638 1022 2682 proferri...
1042 2663 1070 2671 ..
1114 2637 1280 2681 Sequens
1302 2648 1387 2669 vero
1414 2635 1548 2672 forma,
1579 2645 1670 2679 quae
1697 2635 1733 2667 in
1760 2648 1782 2668 u
1809 2636 1992 2672 terminat,
2009 2636 2206 2670 ‘'ablativus
2233 2635 2320 2668 mihi

335 2699 476 2733 videtur
500 2700 613 2745 ipsius
640 2701 818 2739 nominis,
846 2712 919 2745 quo
947 2700 1022 2745 ipsa
1047 2711 1103 2733 res
1131 2698 1372 2746 significatur,
1400 2709 1522 2732 carens
1550 2698 1710 2732 similiter
1734 2699 2012 2743 praepositione.
