2584 3102
2255 84 2309 121 15

1747 137 1770 161 ν

205 200 455 258 ,χᾰνωσιη
488 189 844 239 ἀπολαμβάνειν.
914 190 1069 232 Nonne
1092 189 1214 239 etiam
1241 191 1287 231 in
1314 194 1398 232 hoc
1428 193 1526 232 loco
1556 206 1580 231 a
1607 194 1738 234 verbo
1768 187 1906 231 ἔδωκε
1932 194 2127 235 infinitivi
2165 196 2309 247 ἀρχά-

225 275 379 322 ζεσθαι
405 280 456 327 „et
493 265 834 316 ἀπολαμβάνειν
868 267 924 307 ita
953 275 1000 307 ut
1033 267 1253 307 accusativi
1286 267 1503 308 nominum
1540 262 1686 321 δῶρα,
1735 268 1868 307 ἵππον
1898 284 1936 310 κ.
1957 283 1993 308 τ.
2017 268 2060 309 λ.
2088 273 2310 322 pendent?

228 356 370 407 Quare
395 350 440 389 id
472 346 670 388 memoria
698 353 840 386 teneas
863 344 1010 391 velim,
1050 344 1096 384 in
1126 344 1328 385 eiusmodi
1358 344 1687 390 constructione,
1734 346 1866 399 qualis
1893 347 1997 387 haec
2029 354 2112 392 est,
2153 347 2199 386 in
2226 363 2310 401 qua

227 429 401 470 verbum
421 439 444 464 a
463 426 597 477 verbo·
612 423 668 462 ita
691 421 893 474 pendeat,
925 429 970 461 ut
991 421 1200 473 objectum
1210 421 1395 473 <propius
1418 422 1490 465 sit,
1524 421 1644 460 aliam
1672 428 1838 471 praeter
1866 424 1975 461 hanc
1994 423 2188 462 infinitivi
2217 422 2306 462 for-

161 511 171 515 ‘
228 517 337 546 mam
365 503 411 542 in
442 515 487 541 re
517 513 607 539 non
638 497 804 538 admitti.
2200 499 2204 503 “

410 608 492 646 Sed
521 605 648 644 multo
679 601 844 654 longius
865 600 1083 642 accusativi
1113 601 1174 640 vis
1201 608 1332 652 patet3
1364 614 1544 653 namque
1565 616 1655 641 non
1677 605 1808 642 solum
1832 603 2040 654 objectum
2065 604 2239 656 propius
2265 604 2311 643 in

227 681 457 725 accusativo
477 679 669 732 ponitur,
703 680 779 717 sed
798 680 928 716 etiam
954 678 1131 729 quilibet
1152 675 1263 727 finis
1287 678 1378 715 sive
1400 679 1597 715 sensibus
1620 679 1841 730 subjectus
1869 681 1959 718 sive
1980 686 2120 718 mente
2143 686 2317 719 tantum

229 763 485 809 conceptus,
517 760 572 795 ad
596 768 725 808 quem
748 756 860 792 actio
878 755 999 791 verbi
1021 755 1251 790 contendit.
1314 751 1369 788 Ut
1386 751 1565 789 libenter
1581 753 1694 791 hunc
1713 754 1840 791 finem
1861 754 2117 803 temporibus
2138 754 2315 804 posteris

228 833 607 889 praepositionibus
636 839 681 868 ut
709 830 754 868 in
782 828 924 880 lingua
942 829 1164 867 vernacula
1194 839 1433 877 expressum
1465 841 1553 867 esne
1580 829 1870 873 concedimus,
1902 829 1958 867 ita
1989 828 2156 867 minime
2187 829 2312 867 nobis

228 912 480 964 persuadere
505 920 747 960 possumus,
778 906 888 945 hanc
918 903 1001 944 vim
1029 901 1332 955 praepositioni
1359 901 1513 947 inesse,
1548 905 1621 942 sed
1647 902 1996 954 praepositionem
2025 906 2153 945 multo
2181 903 2309 956 magis

231 988 282 1027 ad
300 988 408 1027 hanc
425 984 508 1024 vim
530 982 659 1036 magis
681 982 968 1021 declarandam
998 978 1175 1018 additam
1209 992 1298 1017 esse
1325 986 1525 1031 putamus.
1562 979 1612 1017 cf.
1632 979 1846 1018 Thiersch.
1872 981 1944 1031 Gr.
1967 995 2026 1032 gr.
2061 982 2097 1033 Q
2122 987 2233 1023 240,
2269 986 2314 1022 8.

232 1071 272 1102 et
301 1065 336 1115 ᾳ.
362 1069 444 1111 195
457 1089 468 1105 ‚
508 1069 544 1100 1.
606 1060 730 1097 Hanc
748 1056 830 1095 vim
850 1055 1081 1094 accusativo
1101 1069 1179 1105 per
1199 1069 1242 1093 se
1265 1054 1403 1093 inesse
1432 1069 1483 1093 ex
1502 1062 1647 1093 natura
1669 1054 1755 1105 ejus
1775 1055 1865 1105 ipsa
1889 1056 2076 1107 sequitur
2096 1064 2135 1093 et
2155 1055 2310 1105 linguis

228 1136 315 1177 aliis
332 1135 640 1187 comprobatur.
671 1131 860 1183 Namque
880 1145 917 1170 v.
929 1144 989 1182 gr.
1002 1129 1121 1169 etiam
1141 1129 1186 1169 in
1203 1129 1345 1181 lingua
1367 1129 1605 1168 sanseritica
1627 1144 1650 1169 a
1672 1129 1809 1169 verbis
1835 1134 2037 1170 movendi
2058 1130 2311 1170 accusativus

227 1212 393 1265 pendet.
412 1214 457 1258 *)
518 1209 616 1248 Hoc
634 1206 743 1246 idem
766 1205 887 1245 etiam
911 1207 963 1246 de
981 1205 1131 1258 linguis
1157 1218 1307 1257 graeca
1329 1211 1370 1244 et
1388 1205 1514 1244 latina
1543 1206 1680 1244 valere
1711 1204 1833 1244 liceat
1862 1205 1986 1245 nobis
2013 1205 2200 1256 pluribus
2235 1219 2311 1244 ex·

238 1286 383 1338 emplis
422 1293 684 1328 monstrare,
731 1281 972 1333 praesertim
1013 1295 1105 1319 cum
1142 1281 1239 1320 huic
1278 1290 1520 1333 argumento
1561 1282 1694 1320 omnis
1730 1289 1873 1335 nostra
1919 1284 1970 1320 de
2009 1281 2158 1333 supino
2188 1280 2324 1331 priori

227 1360 417 1401 doctrina
444 1344 658 1399 innitatur.

407 1451 515 1492 Loci
531 1450 676 1504 igitur,
707 1448 754 1488 in
774 1447 922 1502 quibus
949 1447 1046 1490 finis
1073 1446 1261 1494 sensibus
1282 1447 1489 1500 subjectus
1522 1448 1753 1488 accusativo
1776 1446 1981 1488 indicatus
2011 1455 2092 1495 est,
2121 1448 2164 1488 hi
2184 1455 2302 1488 sunt:

321 1544 371 1595 a)
411 1544 457 1583 11.
480 1541 537 1591 χ’,
574 1551 672 1586 145.
707 1538 886 1594 κρούνω
920 1535 955 1578 δ’
984 1539 1143 1591 ἵκανον
1169 1537 1449 1592 ’καλλιρῤόω.
1522 1540 1613 1579 Liv.
1642 1542 1722 1586 26,
1750 1549 1817 1583 10.
1852 1539 2055 1580 Consules
2077 1540 2312 1592 transfugas

412 1617 695 1662 Numidarum,
727 1615 801 1669 qui
821 1623 907 1656 tum
926 1616 971 1654 in
992 1617 1205 1658 Aventino
1226 1625 1350 1662 erant,
1374 1616 1509 1656 media
1527 1617 1633 1654 urbe
1649 1616 1827 1654 transire
1849 1618 2073 1668 Esquilias
2091 1616 2315 1667 jusserunt.

417 1692 503 1733 Cic.
526 1693 639 1732 Orat.
673 1701 724 1737 2,
759 1693 798 1734 6.
841 1692 1008 1732 Laelius
1037 1700 1077 1732 et
1107 1693 1243 1745 Scipio
1274 1707 1350 1732 rus
1382 1707 1433 1731 ex
1455 1693 1559 1730 urbe
1586 1699 1781 1742 tanquam
1798 1706 1857 1750 3³¹
1878 1692 2053 1732 vinculis
2082 1694 2315 1733 evolabant.

327 1783 376 1836 b)
414 1781 460 1822 in
492 1780 640 1834 quibus
670 1780 766 1820 finis
796 1776 1122 1822 mentetantut'n
1153 1783 1376 1831 'ecnceptus
1410 1777 1674 1832 exprimitur:

414 1859 463 1897 Il.
485 1854 526 1895 λ’
564 1864 659 1900 140.
699 1853 922 1898 Μενέλαος
953 1853 1125 1908 ἄνωγεν
1156 1854 1378 1907 Αγγελίῃν
1411 1853 1604 1892 ἐλθόντα
1638 1854 1721 1893 σύν
1754 1854 1942 1894 ἀντιδέω
1976 1852 2163 1909 Ὀδυσῆι
2195 1853 2314 1897 AB&

416 1934 708 1971 κατακτεῖναι.
742 1939 783 1970 et
803 1932 849 1970 11.
871 1927 904 1968 δ’
941 1939 1041 1976 584.
1103 1932 1235 1969 Plaut.
1253 1932 1387 1969 Merc.
1410 1938 1459 1975 2,
1496 1940 1544 1975 5,
1583 1941 1649 1982 19.
1681 1931 1792 1970 illam
1813 1932 2043 1977 abstrahat,
2068 1942 2180 1972 trans
2202 1948 2320 1974 mare

414 2007 515 2046 hinc
546 2021 706 2046 venum
739 2014 930 2058 asportat.
965 2006 1017 2046 cf.
1040 2006 1132 2045 Sall.
1163 2006 1255 2058 Ju‘g.
1288 2013 1365 2051 28,
1404 2016 1440 2048 1.
1472 2007 1628 2045 Romae
1665 2006 1806 2046 omnia
1837 2022 1998 2047 venum
2028 2008 2104 2048 ire.
2146 2011 2318 2050 Terent.

414 2082 583 2122 Phorm.
623 2092 669 2127 1,
703 2092 754 2128 4,
789 2089 828 2125 5.
860 2082 933 2121 Me
958 2090 1026 2121 aut
1051 2083 1197 2122 herum
1229 2096 1408 2133 pessum
1434 2082 1601 2121 dabunt.
1654 2082 1744 2120 Liv.
1777 2082 1860 2127 IX,
1895 2092 1935 2133 9.
1970 2098 2108 2136 neque
2144 2099 2224 2136 ego
2254 2089 2320 2125 in-

407 2157 535 2211 fitias
568 2171 631 2197 eo.

285 2327 322 2372 ·)
354 2326 472 2371 Bopp.
508 2324 530 2358 l.
559 2336 588 2357 c.
627 2336 662 2367 p.
696 2332 754 2363 41.
798 2321 1004 2356 Zeitwbrter
1039 2322 1100 2354 der
1131 2321 1336 2367 Bewegung
1371 2322 1512 2355 werden
1546 2322 1594 2356 im
1621 2324 1781 2357 Sanskrit
1813 2324 1862 2357 als
1888 2324 2091 2359 Transitiva
2117 2327 2321 2360 konstruirt

357 2388 436 2420 und
463 2388 526 2419 der
551 2387 633 2423 Ort,
668 2385 791 2429 wrohin
817 2385 874 2421 die
898 2384 1100 2428 Bewegung
1124 2384 1292 2429 gerichtet
1317 2384 1382 2422 ist,
1417 2384 1505 2416 wird
1542 2387 1591 2418 als
1618 2387 1779 2419 nachster
1806 2389 2037 2432 Gegenstand
2071 2389 2108 2420 in
2143 2389 2211 2420 den
2237 2391 2319 2423 Ace.

357 2455 483 2493 gesezt.
532 2446 592 2481 Da
616 2447 702 2481 aber
727 2447 788 2481 das
813 2447 937 2484 Wort‚
961 2445 1109 2479 welches
1135 2445 1192 2478 die
1209 2445 1357 2478 Absicht
1382 2446 1444 2479 der
1467 2434 1674 2493 Beivegung
1691 2448 1904 2486 ausdriickt,
1930 2450 2022 2482 auch
2041 2461 2113 2480 von
2133 2449 2322 2482 derselben

355 2508 482 2541 affizirt
504 2510 611 2547 vird,
646 2510 724 2542 und
749 2510 787 2542 in
814 2508 927 2540 einem
952 2507 1143 2540 leidendeu
1169 2507 1410 2540 Verhiiltnisse
1436 2519 1481 2539 zu
1509 2509 1695 2541 dex-selben
1721 2511 1832 2547 steht,
1866 2521 1905 2542 so
1932 2511 2032 2542 kan'n
2059 2521 2095 2541 es
2120 2511 2183 2542 mit
2208 2510 2322 2542 Recht

353 2570 444 2603 auch
469 2570 508 2602 in
532 2572 601 2603 den
620 2574 745 2605 Aecus.
767 2577 899 2616 gesetzt
921 2570 1080 2614 werden,
1104 2570 1153 2602 da
1178 2569 1234 2601 die
1259 2570 1636 2615 Accusativ-Endung
1661 2571 1853 2614 cigentlich
1879 2571 1939 2603 ein
1963 2571 2142 2604 leidendes
2164 2571 2323 2602 Verha'lt-

347 2631 425 2677 'niss
451 2630 618 2663 andeutet
620 2655 726 2665 .....
753 2633 927 2666 Na'chstes
952 2631 1028 2664 und
1053 2630 1319 2665 unmittclbares
1346 2630 1475 2673 Objekt
1499 2631 1589 2663 vird
1615 2632 1678 2664 der
1704 2632 1771 2665 Inf.
1797 2632 1892 2665 nach
1910 2632 2146 2665 Zeitwortern
2174 2632 2235 2664 der
2262 2632 2327 2664 Be-

354 2703 525 2737 wegung,
550 2704 654 2725 wenn
671 2694 757 2726 kein
777 2696 860 2732 Ort,
885 2694 1009 2727 wohin
1029 2694 1086 2727 die
1104 2695 1306 2740 Bewegung
1324 2693 1495 2737 gerichtet
1508 2718 1516 2731 ,
1543 2694 1751 2739 angegeben
1770 2694 1881 2732 wird,
1907 2696 1985 2727 und
2007 2696 2178 2727 demnach
2199 2694 2329 2738 gleich-

354 2766 427 2788 sam
453 2754 509 2787 die
534 2753 650 2787 durch
677 2754 747 2787 den
771 2756 837 2789 Inf.
864 2747 1123 2802 ausgediiickte
1147 2755 1344 2801 Handlung
1369 2756 1418 2790 als
1446 2756 1554 2789 deren
1584 2755 1769 2802 Richtung
1795 2756 1998 2802 angesehen
2024 2756 2124 2788 wird.
2151 2761 2214 2787 etc.
