2584 3102
1128 63 1387 70 “-“-”
2242 57 2299 94 25

215 179 367 233 aliique
392 158 570 223 afferunt
601 170 794 214 omnibus
827 169 1020 223 equidem
1051 185 1130 224 ego
1161 172 1352 224 supinum
1373 185 1462 211 non
1481 170 1665 211 invenio.
1697 192 1761 201 —-
1790 166 2029 225 Ex'quibus
2059 178 2191 221 patet,
2233 186 2299 211 su·

213 256 313 311 pina
328 250 561 308 posteriora
578 245 790 301 adjectivis
809 253 987 297 tantum,
1013 255 1088 292 aut
1119 233 1169 288 iis
1198 247 1402 288 orationis
1429 247 1615 300 partibus
1650 247 1798 301 subjici
1827 250 1990 293 solere,
2032 260 2138 301 quae
2164 245 2299 298 adjec-

172 357 174 359 -
211 332 389 373 tivorum
405 327 539 381 vicem
557 332 726 380 gerant,
767 324 994 376 eademque
1015 325 1067 363 de
1086 338 1208 364 causa
1228 325 1402 363 eandem
1417 324 1641 363 verborum
1663 325 2020 368 constructionem
2047 323 2296 368 adsciscant,

217 408 332 461 quod
351 404 447 444 licet
464 403 509 442 in
527 401 720 442 omnibus
738 383 944 444 orationis
958 393 1167 470 partibus,
1200 413 1301 451 quas
1320 399 1494 437 vicarias
1513 401 1746 449 appellant,
1781 402 2019 438 observare.

334 471 479 533 Neque
492 485 629 517 tamen
652 474 791 533 omnia
812 473 1014 526 adjectiva
1042 473 1245 526 ejusmodi
1262 481 1357 514 sunt
1367 503 1384 519 ,⁴
1420 481 1464 513 ut
1487 473 1535 513 iis
1560 473 1762 525 Supinum
1792 474 1999 526 posterius
2023 471 2174 525 subjici
2201 486 2299 523 pos-

212 558 275 598 sit.
337 556 442 595 Nam
461 566 553 592 cum
574 550 775 603 Supinum
794 550 900 593 hoc,
940 555 985 586 ut
1014 549 1147 587 forma
1180 549 1257 587 alia
1286 548 1480 586 infinitivi
1516 552 1692 589 eundem
1717 564 1887 589 sensum
1915 556 2074 592 servet,
2117 547 2300 599 ideoque

214 633 432 679 notionem
448 636 517 667 aut
537 627 709 667 activam
728 633 802 669 autv
815 625 1016 679 passivam
1035 624 1263 676 significetj
1307 624 1505 674 adjectiva
1532 626 1680 677 quibus
1713 626 1864 676 subjici
1888 625 2036 676 possit,
2069 639 2118 664 ea
2140 632 2299 662 tantum

213 723 304 751 esse
323 701 516 761 possunt,
549 716 654 757 quae
677 700 910 756 facultatem
928 701 979 741 ad
1004 713 1094 740 rem
1111 699 1287 752 aliquam
1308 698 1562 746 faciendam,
1595 708 1663 740 aut
1679 704 1998 765 tnodquo
2021 700 2121 753 quid
2143 701 2214 739 fiat
2230 699 2294 738 in-

215 784 376 827 dicant,
408 779 492 834 sive
514 785 610 819 sunt
627 776 830 829 primitiva
853 775 937 815 sive
958 774 1160 820 derivata,
1200 774 1303 813 nihil
1323 775 1375 814 ad
1406 788 1507 813 rem.
1537 776 1590 814 cf.
1619 777 1752 816 Rudd.
1789 777 1853 822 11,
1898 779 2000 821 260.
2030 776 2194 814 Ramsh.
2216 776 2241 813 l.
2266 788 2300 813 c.

217 862 404 916 Quorum
424 854 719 906 adjectivorum
746 865 941 891 numerus
966 858 1011 889 ut
1031 858 1220 888 accurate
1244 851 1410 888 definiri
1431 864 1525 895 non·
1539 860 1696 901 potest,
1728 853 1783 889 ita
1801 860 1846 889 ut
1870 852 2091 890 definiatur
2117 864 2172 888 ne
2194 863 2299 898 opus

194 935 383 993 ‘quidem
401 938 482 976 est,
514 943 611 969 nam
635 941 728 968 cum
748 926 848 969 certi
877 927 1005 971 fines,
1049 924 1156 964 intra
1193 939 1299 978 quos
1331 939 1474 966 sensus
1504 924 1652 977 adjeet.
1684 925 1922 978 hujusmodi
1950 925 2106 967 versari
2138 926 2303 968 debeat,

216 1006 420 1062 propositi
438 1004 542 1049 sint,
585 1002 715 1056 quivis
735 1001 879 1047 facile,
914 1000 984 1054 qui
1003 1000 1306 1041 annumerandi
1329 1001 1430 1047 sint,
1463 1001 1674 1053 intelliget.
1737 1003 1896 1041 Tamen
1928 1009 1972 1041 ut
2000 1001 2121 1041 etiam
2150 1002 2229 1039 hac
2257 999 2302 1038 in

215 1100 263 1126 re
292 1082 385 1124 usui
418 1081 679 1121 consulamus
708 1077 864 1131 aliquot
895 1079 1126 1117 afferamus.
1151 1076 1201 1115 cf.
1232 1077 1394 1115 Ramsh.
1415 1092 1455 1129 p.
1482 1084 1582 1121 451.
1610 1078 1743 1116 Rudd.
1766 1078 1830 1123 11,
1873 1079 1962 1120 260
1987 1082 2040 1124 *).
2121 1077 2241 1126 Quae
2267 1074 2301 1113 si

217 1159 445 1202 accuratius
470 1144 771 1195 examinaveris
793 1155 838 1192 in
860 1168 953 1192 eum
972 1161 1151 1196 tantum,
1172 1166 1308 1210 ,quem
1329 1153 1527 1197 diximus,
1560 1168 1726 1192 sensum
1749 1138 1977 1192 convenire
1999 1152 2182 1195 videbis,
2215 1152 2302 1189 fru-

217 1244 384 1287 straque
405 1231 503 1283 alia,
546 1243 652 1282 quae
689 1242 779 1268 non
813 1228 894 1267 sint
924 1227 1108 1279 ejusdem
1135 1228 1200 1265 vel
1230 1226 1369 1265 similis
1400 1234 1558 1266 tantum
1591 1241 1734 1267 sensus
1770 1242 1862 1268 cum
1895 1228 2047 1279 supino
2080 1225 2306 1277 conjuncta

219 1321 416 1362 promere
444 1304 637 1344 studebis.
828 1287 833 1288 ⁷

400 1376 702 1432 Huiuscemodi
732 1364 868 1417 autem
899 1371 1147 1436 adjectiva,
1154 1374 1212 1412 uti
1236 1381 1423 1428 apparet,
1464 1379 1544 1417 late
1576 1385 1739 1430 patent,
1781 1386 1902 1433 atque
1935 1377 1979 1417 in
2012 1376 2060 1417 iis
2093 1374 2303 1420 omnibus,

220 1464 272 1502 ad
294 1472 416 1523 quam
436 1470 525 1497 rem
544 1455 635 1508 quis
658 1454 836 1492 idoneus
859 1452 936 1509 sit,
964 1458 1033 1508 apt
1060 1464 1144 1515 quo
1151 1454 1286 1518 modo
1310 1454 1408 1505 quid
1433 1455 1529 1499 fiat,
1560 1454 1655 1493 licet
1679 1454 1846 1493 ulterius
1871 1468 2084 1506 quael-mele
2142 1450 2306 1502 Quodsi

220 1540 272 1580 ad
289 1542 442 1574 certam
462 1532 669 1582 quandam
697 1542 788 1567 rem
815 1513 890 1566 aut
911 1535 1068 1592 celtum
1091 1529 1297 1581 quendam
1317 1536 1459 1567 statum
1478 1544 1526 1567 ea
1542 1531 1701 1568 leserre
1721 1530 1927 1573 voluclis,
1969 1544 2060 1568 eam
2078 1528 2198 1567 verbi
2216 1528 2306 1565 for-

219 1625 349 1661 mam,
382 1620 488 1661 quae
511 1618 709 1645 summam
727 1604 837 1651 illam
858 1582 1087 1651 notionem
1096 1602 1143 1641 in
1170 1617 1214 1662 se
1243 1602 1423 1643 continet
1451 1606 1575 1644 addas
1606 1619 1776 1644 necesse
1796 1612 1869 1644 est.
1942 1604 2090 1656 Neque
2120 1615 2306 1656 quonam

223 1699 320 1731 casu
358 1683 402 1721 id
439 1682 587 1720 debeat
616 1678 709 1717 fieri
740 1678 890 1717 diutius
922 1678 1179 1742 haesitabis,
1214 1692 1301 1718 cum
1338 1678 1498 1716 ablativi
1528 1679 1652 1718 solius
1683 1679 1751 1723 sit,
1794 1681 2093 1718 condicionem
2130 1691 2208 1716 seu
2245 1690 2309 1714 re-

225 1766 422 1813 spectum
443 1755 675 1807 significaie
698 1755 784 1804 vgl.
801 1755 965 1798 Bamsh.
993 1756 1029 1806 ᾧ,
1067 1764 1174 1811 143,
1205 1754 1275 1792 IV
1294 1754 1785 1805 2.(p.260).1taque
1810 1769 1848 1792 v.
1875 1769 1913 1805 g.
1936 1755 1981 1792 in
2004 1757 2132 1792 dulce
2155 1755 2308 1791 auditu

228 1834 320 1875 Liv
340 1842 395 1878 24
410 1860 422 1877 ‚
463 1838 533 1874 21-
550 1835 598 1894 ‘et
619 1841 722 1867 voce
745 1829 956 1866 absonum
979 1826 1198 1867 Cic-01³1·
1226 1836 1268 1871 1,
1300 1834 1368 1869 51
1392 1828 1535 1866 eadem
1556 1828 1672 1880 quasi
1689 1827 1882 1879 junctura
1900 1827 2134 1871 invenitur,
2152 1827 2194 1865 id
2217 1834 2308 1865 tan-

225 1918 312 1955 tum
332 1908 524 1948 interest,
545 1906 658 1956 quod
679 1903 723 1939 in
741 1904 836 1940 loco
860 1901 991 1951 priori
1012 1900 1214 1951 adjectivo
1243 1904 1411 1939 modum
1429 1902 1630 1939 indicanti
1651 1904 1824 1940 verbum
1837 1931 1849 1947 ‚
1882 1903 1926 1941 in
1955 1906 2086 1941 altero
2111 1903 2310 1939 substant.

225 1983 407 2027 additum
426 1989 498 2021 est.
565 1980 707 2031 Quare
728 1990 818 2016 cum
839 1977 917 2015 abl.
940 1974 1075 2027 supini
1096 1975 1146 2014 sit
1166 1976 1245 2015 abl.
1268 1975 1549 2021 condicionis,
1575 1976 1620 2014 in
1637 1976 1776 2029 lingua
1799 1991 1859 2029 gr.
1883 1976 1921 2016 ei
1940 1975 2195 2017 accusativus
2217 1988 2308 2014 mo·

226 2064 280 2100 do
302 2058 455 2111 objecti
479 2057 593 2108 quod
615 2062 767 2093 vocant
783 2052 1018 2092 remotioris
1039 2052 1320 2102 respondebit.
1387 2053 1511 2101 Quod
1528 2052 1582 2090 ita
1602 2067 1646 2091 se
1666 2054 1822 2091 habere
1851 2068 1903 2092 ex
1934 2054 2006 2091 Gr.
2039 2067 2100 2105 gr.
2135 2050 2311 2090 Matthi‘a‘

226 2136 268 2174 S,
293 2142 379 2177 424
401 2136 553 2180 (401).
588 2129 800 2169 Thiersch.
831 2131 867 2181 §-
901 2137 1009 2178 193,
1052 2135 1075 2169 5
1104 2132 1168 2178 (p.
1190 2132 1318 2173 220.)
1346 2141 1601 2179 cognoscere
1635 2128 1804 2186 poteris.
1872 2129 2012 2178 Quare
2042 2129 2088 2166 in
2118 2127 2314 2168 omnibus

225 2209 305 2258 illis
324 2207 451 2252 locis,
485 2220 589 2259 quos
618 2217 761 2255 supra,
805 2217 930 2256 quum
964 2204 1015 2242 de
1045 2202 1218 2242 notione
1251 2210 1358 2242 esset
1383 2216 1542 2246 sermo,
1582 2202 1786 2242 attulimus
1812 2218 1850 2242 v.
1872 2217 1909 2255 g.
1943 2201 2148 2250 χαλεπὸν
2182 2202 2314 2240 εἰπεῖν

224 2283 473 2339 infinitivum
495 2282 540 2320 in
560 2294 693 2319 accus.
716 2278 893 2328 positum
923 2291 1011 2316 esse
1046 2291 1283 2321 censemus,
1325 2292 1405 2328 qua
1438 2277 1483 2314 in
1513 2290 1559 2314 re
1591 2278 1924 2316 consentientem
1954 2280 2158 2317 habemus
2184 2280 2235 2314 V.
2261 2278 2314 2315 D.

224 2358 398 2409 Matthi‘a‘
418 2371 478 2411 gr.
499 2370 557 2409 gr.
579 2356 614 2409 ᾧ.
640 2362 726 2399 554
749 2356 896 2402 (511).
960 2353 1024 2392 Ex
1047 2351 1193 2406 quibus
1218 2351 1361 2398 etiam,
1395 2353 1546 2398 credo,
1583 2352 1820 2404 apparebit,
1867 2367 1948 2407 qua
1978 2354 2030 2393 de
2062 2368 2185 2393 causa
2219 2352 2316 2392 huic

228 2433 377 2484 supino
410 2446 524 2471 casus
551 2430 684 2470 Verbi
712 2443 800 2468 non
825 2428 1086 2479 subjiciatur3
1132 2428 1327 2467 nimirum
1352 2428 1515 2467 infinite
1549 2437 1706 2468 tanturn
1738 2432 1789 2468 ad
1824 2443 1947 2482 quam
1979 2430 2188 2469 actionem
2227 2427 2318 2482 quis

276 2649 308 2689 ⁹)
335 2642 514 2680 Affaffilis,
540 2641 694 2678 arduus,
721 2640 861 2679 bonus,
889 2640 1039 2687 dignus,
1066 2640 1252 2685 indignus,
1281 2638 1412 2677 facilis,
1439 2640 1624 2683 proclivis,
1652 2639 1824 2678 difficilis,
1851 2640 2057 2682 jucundus,
2083 2638 2318 2681 injucundus,

349 2704 486 2743 suavis,
510 2703 702 2739 honestus,
727 2701 895 2745 pulcher,
915 2701 1031 2741 utilis,
1057 2701 1205 2739 foedus,
1230 2701 1363 2744 turpis,
1383 2700 1605 2740 obscoenus,
1626 2712 1749 2740 raruS,
1775 2701 1967 2742 mirabilis,
1994 2699 2218 2739 miserabilis,
2236 2700 2320 2732 hor-

349 2769 504 2805 rendus,
528 2761 715 2803 terribilis,
740 2765 878 2809 gravis,
905 2765 1081 2803 acerbus,
1105 2777 1224 2808 asper,
1256 2763 1480 2798 truculentus
1506 2770 1569 2798 etc.

1674 2825 1701 2860 4
