2584 3102
2204 53 2254 87 Π

170 169 363 220 auctores
390 162 568 201 formam
606 156 898 198 enuntiationis
930 156 1050 195 aliam
1078 163 1300 207 usurpant,
1341 155 1510 194 fuerunt
1546 157 1617 208 qui
1644 158 1757 197 hunc
1780 160 1920 197 locum
1947 162 2130 200 mutilum
2164 178 2252 203 esse

175 243 415 282 censerent,
448 234 513 276 eui
531 235 691 274 medela
713 247 764 273 eo
789 231 976 272 adhiberi
993 239 1154 283 posset,
1184 238 1229 270 ut
1250 233 1312 270 ire
1335 238 1629 282 apponeretur.
1660 232 1712 271 cf.
1731 233 1895 272 Ramsh.
1918 234 2132 287 §.170‚1.
2166 245 2252 275 not.

178 324 217 357 1.
279 312 386 352 Mihi
418 319 552 350 autem
580 313 696 349 locus
716 309 878 359 integer
903 316 1025 359 atque
1047 321 1120 345 res
1138 307 1193 345 ita
1218 307 1477 357 expedienda
1506 321 1595 345 esse
1623 308 1798 346 videtur.
1870 312 2022 349 Ultum
2056 312 2246 350 infinitivi

158 389 303 428 *forma
330 386 407 426 alia
427 377 610 426 >'fortasse
639 385 919 438 antiquissima
950 391 1080 422 aetate
1108 381 1241 433 priori
1278 380 1418 419 omnia
1451 380 1671 425 accusativi
1700 396 1875 421 munera
1910 385 2076 428 obibat,
2110 393 2247 435 poste-

171 463 276 509 riori
296 470 425 502 aetate
445 469 580 501 autem
604 474 679 499 usu
699 459 898 511 loquendi
916 458 960 497 in
982 459 1087 496 fines
1108 457 1365 507 angustiores
1391 458 1601 505 compulsa
1621 464 1701 500 est,
1735 471 1863 508 quare
1885 460 1966 497 hoc
1985 463 2080 499 loco
2108 466 2250 500 ultum

158 550 251 588 >pro
282 539 434 576 ulcisci
451 517 642 586 ⁴positum
667 547 756 572 esse
780 541 894 583 puto.
929 532 1022 570 Sall.
1046 530 1135 570 Cat.
1159 539 1205 574 5,
1240 539 1279 580 9.
1343 531 1423 568 Res
1440 529 1596 567 hortari
1621 529 1783 568 videtur
1803 561 1812 570 .
1833 559 1841 568 .
1863 561 1873 570 .
1906 542 2114 584 repetere.
2182 536 2248 573 Sic

174 620 319 652 eontra
338 626 386 651 ea
403 611 448 650 in
465 612 561 650 loco
580 609 651 649 illo
673 609 805 648 Plaut.
827 608 977 646 Bacch.
998 615 1039 650 4,
1064 614 1103 649 5,
1126 612 1165 649 8·
1197 611 1341 656 petere
1363 617 1439 654 pro
1467 603 1635 654 petitum
1658 604 1835 654 positum
1859 620 1948 646 esse
1969 610 2188 648 concedes.
2202 614 2248 658 ¹¹)

170 686 372 726 Nimirum
389 686 590 725 vocabula
609 682 829 735 singularia
850 689 1045 732 totaeque
1066 688 1202 732 partes
1223 680 1423 719 orationis
1443 694 1512 718 sua
1538 681 1618 718 fata
1640 681 1814 726 habent,
1847 683 1900 721 ita
1922 692 1965 722 ut
1987 688 2100 737 quod
2119 694 2250 724 aetate

171 760 304 812 priori
325 760 370 799 in
387 750 462 799 usu
484 758 630 803 fuerit,
662 755 884 808 posteriori
909 754 1145 793 inusitatum
1171 755 1322 794 factum
1348 768 1436 793 esse
1467 756 1609 805 possit.
1675 757 1816 805 Quare
1840 758 1873 795 si
1895 760 1945 796 de
1966 768 2081 808 parte
2113 761 2247 812 aliqua

172 836 338 887 linguae
363 834 538 885 cujusvis
559 833 761 871 disserere
778 830 978 874 volueris,
1008 844 1178 868 necesse
1200 838 1277 874 est,
1311 830 1390 868 nisi
1412 830 1522 869 forte
1548 830 1686 869 omnia
1710 831 1771 869 vis
1794 832 1981 877 turbare,
2015 842 2058 871 ut
2081 843 2248 873 aetatem

127 894 146 907 θ
172 909 349 962 aliquam
373 907 619 951 constituas,
653 904 767 956 eujus
789 917 907 942 usum
925 904 1128 956 loquendi
1149 917 1227 954 pro
1253 917 1400 961 norma
1431 906 1585 943 habere
1611 905 1724 943 velis.
1790 907 1906 943 Haec
1940 914 2074 945 autem
2106 908 2148 945 in
2172 909 2250 945 lin-

172 985 252 1036 gua
269 986 336 1022 lat.
356 992 465 1022 aetas
486 969 764 1022 Ciceroniana
783 980 866 1018 sive
884 993 1008 1017 aurea
1029 987 1111 1023 est,
1141 993 1263 1030 quam
1281 979 1401 1017 etiam
1425 980 1548 1017 nobis
1569 993 1758 1018 normam
1776 980 1916 1023 fuisse,
1946 995 2034 1019 non
2056 990 2117 1020 est
2138 985 2251 1033 quod

170 1059 363 1098 dicamus.
427 1059 567 1108 Quare
604 1070 729 1108 quum
748 1055 879 1107 'hujus
910 1054 1050 1094 aetatis
1082 1053 1172 1093 usui
1200 1056 1315 1093 locus
1346 1053 1490 1106 aliquis
1522 1062 1747 1105 repugnat,
1792 1054 1909 1094 sicuti
1945 1056 2037 1100 hic,
2081 1058 2132 1095 de
2168 1071 2251 1109 quo

172 1146 306 1172 sermo
329 1139 410 1177 est,
451 1133 561 1170 hanc
587 1144 675 1170 rem
704 1133 754 1170 ad
781 1130 1048 1169 refellendam
1075 1128 1317 1166 sententiam
1342 1136 1525 1166 nostram
1557 1129 1660 1167 nihil
1682 1131 1821 1167 valere
1847 1130 2069 1181 intelliges.

317 1220 463 1280 Lectio
494 1221 673 1272 denique
703 1222 794 1259 Sall.
817 1222 910 1271 Jug.
937 1227 1041 1262 102,
1080 1227 1146 1260 12.
1188 1218 1337 1256 nullius
1376 1219 1574 1256 momenti
1604 1233 1693 1257 esse
1725 1227 1887 1268 potest,
1933 1219 2089 1270 quippe
2124 1234 2247 1270 quam

169 1293 334 1337 Cortius
357 1307 409 1334 ex
425 1278 570 1333 Vinar.
597 1304 632 1337 1.
656 1294 880 1347 receperit,
914 1290 1158 1330 assentiente
1185 1305 1236 1329 ex
1267 1291 1459 1330 omnibus
1475 1291 1590 1330 libris
1610 1292 1897 1342 manuscriptis
1920 1279 2136 1344 hucusque
2159 1295 2245 1331 col-

167 1371 257 1409 latis
279 1383 365 1408 uno
384 1371 509 1407 Bern.
533 1378 572 1412 3.
636 1369 743 1408 Cum
774 1358 1015 1406 omnes-alii
1043 1371 1275 1425 ¹tutandum
1303 1369 1612 1417 praepositione
1645 1374 1699 1407 acl
1731 1372 1796 1407 vel
1824 1373 1874 1407 ob
1907 1370 2131 1420 praemissa
2161 1384 2245 1407 ser-

166 1453 286 1489 vent,
316 1444 400 1495 jam
432 1445 585 1483 dudum
615 1445 667 1483 ab
700 1441 929 1491 editoribus
947 1426 1077 1493 *hujus
1100 1442 1273 1481 auctoris
1293 1443 1596 1482 recentioribus
1624 1443 1927 1494 Havereampio
1959 1452 1999 1483 et
2020 1434 2244 1483 Gerlachio

167 1521 283 1559 locus
317 1517 373 1556 ita
409 1517 617 1557 restitutus
654 1526 740 1558 est:
791 1508 986 1570 „senon
1017 1516 1156 1570 hostili
1187 1517 1340 1561 animo,
1384 1519 1457 1555 sed
1490 1518 1544 1555 ob
1577 1531 1751 1569 regnum
1782 1521 1998 1557 tutandum
2031 1533 2144 1556 arma
2178 1533 2245 1556 ce-

168 1591 319 1644 pisse.“
353 1615 413 1622 —-
818 1581 822 1584 .
1117 1573 1121 1581 =

327 1681 471 1733 Itaque
486 1694 578 1720 cum
600 1680 679 1719 hos
698 1681 814 1721 locos
837 1683 891 1722 ad
909 1682 1154 1724 sententiam
1173 1689 1352 1722 nostram
1370 1680 1627 1719 refutandam
1646 1680 1747 1719 nihil
1766 1681 1903 1719 valere
1926 1681 2250 1720 demonstratum

173 1755 245 1801 sit,
288 1769 416 1807 genus
442 1755 542 1793 illud
569 1753 754 1797 dicendi,
798 1769 882 1806 quo
914 1758 1087 1796 verbum
1115 1761 1175 1794 ire
1207 1768 1299 1793 cum
1327 1754 1476 1805 supino
1511 1755 1641 1804 priori
1672 1755 1942 1805 conjunctum
1974 1755 2248 1795 circumlocu-

167 1830 272 1870 tioni
300 1829 461 1869 cuidam
480 1828 677 1868 inservire
699 1828 857 1874 dicunt,
888 1829 1046 1869 facilius
1072 1830 1275 1882 explicatu
1304 1828 1390 1867 erit.
1455 1830 1642 1881 Namque
1669 1831 1721 1868 ad
1745 1844 1793 1868 ea
1820 1820 1978 1869 ta'ntum
2011 1846 2117 1883 quae
2146 1832 2250 1870 dixi-

172 1919 263 1945 mus
295 1917 532 1948 recurrere,
566 1917 729 1956 quaque
758 1903 921 1944 ratione
952 1906 1003 1944 ad
1025 1906 1108 1944 hoc
1141 1919 1270 1957 genus
1299 1904 1465 1944 dicendi
1489 1903 1638 1944 referri
1667 1905 1846 1956 possint,
1879 1915 2112 1945 monstrare
2142 1921 2247 1958 opus

172 1979 262 2019 erit.
323 1979 414 2019 Jam
433 1991 532 2017 vero
549 1978 593 2016 in
608 1966 712 2016 vlocis
732 1977 934 2029 ejusmodi
960 1980 1064 2018 Hor.
1086 1981 1161 2030 Ep.
1180 1980 1218 2024 1,
1253 1987 1304 2021 15
1320 2008 1332 2023 ,
1368 1987 1437 2023 48.
1470 1983 1639 2019 Lusum
1663 1983 1695 2018 it
1717 1983 1976 2025 Maecenas,
2011 1983 2252 2019 dormitum

170 2070 250 2110 ego
295 2056 600 2108 Virgiliusque.
651 2052 767 2106 Virg.
799 2053 906 2093 Aen.
940 2055 1002 2099 11,
1037 2055 1136 2099 786.
1177 2060 1254 2093 aut
1294 2056 1440 2108 Grajis
1478 2058 1689 2094 servitum
1725 2038 1938 2094 matribus
1975 2057 2068 2099 ibo,
2112 2054 2252 2093 omnia

170 2132 296 2181 plana
325 2129 535 2172 invenies,
568 2141 659 2166 cum
687 2142 711 2166 a
736 2130 867 2168 verbo
894 2134 1024 2168 eundi
1056 2129 1304 2169 accusativus
1328 2129 1479 2179 objecti
1511 2133 1821 2182 quodammodo
1852 2132 2033 2182 pendeat
2061 2131 2113 2168 ad
2143 2129 2252 2167 indi·

220 2279 260 2322 *)
294 2275 413 2318 Bopp.
431 2274 453 2307 l.
468 2286 496 2306 c.
520 2285 555 2317 p.
575 2282 651 2312 113.
677 2273 751 2315 Bey
774 2273 884 2305 altem
910 2272 1180 2306 Schriftstellern
1206 2273 1326 2305 finden
1347 2273 1420 2306 sich
1439 2272 1599 2317 ha'iufiger
1619 2274 1780 2316 Spuren,
1807 2274 1886 2307 dass
1911 2275 2000 2312 1nf.‚
2027 2272 2254 2306 Gerundium

289 2337 367 2369 und
392 2336 568 2380 Supinum
595 2334 848 2380 urspriinglich
873 2335 989 2379 wenig
1013 2334 1100 2367 oder
1115 2345 1178 2379 gar
1199 2334 1298 2366 nicht
1316 2334 1363 2367 im
1385 2334 1598 2367 Gebrauche
1615 2335 1848 2367 verschieden
1867 2346 2047 2380 gewesen,
2072 2333 2148 2365 und
2173 2333 2254 2365 dass

290 2399 353 2430 das
378 2398 457 2433 eine
482 2398 539 2430 fiir
564 2398 626 2429 das
650 2397 780 2429 andere
803 2396 1042 2429 willkiihrlich
1065 2402 1194 2440 gesetzt
1222 2397 1364 2429 werden
1391 2397 1539 2429 konnte.
1589 2398 1677 2430 Statt
1704 2397 1763 2429 des
1786 2397 1993 2430 Accusativs
2018 2397 2080 2429 des
2108 2397 2247 2430 Gerun-

302 2458 420 2491 diums
439 2458 545 2492 nach.
564 2460 611 2491 ad
638 2457 730 2489 steht
755 2456 817 2488 der
842 2455 996 2489 Infinitiv
1021 2457 1089 2499 bey
1114 2457 1267 2489 Terenz:
1302 2457 1438 2500 (Andr.
1466 2458 1502 2494 Ι,
1532 2466 1568 2494 1,
1595 2460 1666 2503 28.)

737 2520 843 2562 Quod
867 2519 1029 2564 plerique
1055 2531 1175 2553 omnes
1202 2520 1336 2553 faciunt
1359 2519 1637 2559 adolescentuli,

733 2581 782 2613 Ut
805 2581 963 2614 animum
990 2581 1035 2614 ad
1060 2581 1205 2625 aliquod
1230 2582 1387 2614 studium
1413 2581 1633 2626 adjungant,

734 2644 808 2674 Aut
833 2654 945 2686 equos
970 2644 1084 2680 alere,
1119 2650 1179 2675 aut
1204 2654 1305 2676 canes
1330 2644 1377 2675 ad
1401 2644 1605 2676 venandum

734 2705 808 2736 Aut
832 2703 878 2736 ad
903 2703 1153 2748 philosophos.

1474 2779 1498 2813 3
