2584 3102
211 48 273 117 2²st

215 174 354 216 videri
371 176 531 226 potest,
564 187 657 214 cum
684 174 768 213 loci
798 172 956 226 aliquot
971 180 1168 218 exstent,
1212 174 1288 226 qui*
1310 161 1422 214 haue
1448 188 1527 226 per
1552 174 1732 215 dativum
1753 172 2139 227 ‘interpretationem
2170 178 2315 219 admit-

217 250 311 291 t'a'nt
340 251 395 290 V.
418 265 457 303 g.
489 249 618 290 C.‘N.
648 249 700 288 D.
734 254 760 290 2
828 254 882 290 57
915 249 1141 299 palpebrae
1169 249 1435 290 mollissimae
1459 255 1570 291 tactu
1594 249 1709 294 Curt.
1743 259 1797 296 5,
1832 260 1877 297 1,
1911 258 1951 295 8.
1994 251 2109 292 =Non
2126 253 2315 304 speciosa

220 327 358 372 dictu,
374 327 463 366 'sed
490 339 567 364 usu
590 316 835 364 necessaria.
861 322 912 361 cf.
934 323 1057 362 Voss.
1082 326 1136 363 de
1157 322 1326 364 Con-tr.
1346 333 1417 368 54.
1480 326 1537 364 At
1564 326 1598 365 si
1623 324 1897 379 reputaveris,
1917 326 2115 382 ,dativum
2143 330 2195 369 ad
2219 343 2313 382 per.

220 416 380 456 paucos
398 403 517 441 locos
535 406 691 438 tantum
708 404 821 435 recte
847 396 1145 449 explicandos,
1178 398 1399 439 ablativum
1416 407 1552 441 autem
1574 401 1626 440 ad
1645 399 1723 441 hos
1740 402 1877 453 ipsos,
1908 413 2020 454 quos·
2036 403 2193 444 dativos
2222 418 2312 445 esse

221 479 393 522 volunt,
427 478 634 519 sufficere,
669 472 889 511 ablativum
908 463 1080 511 unicum
1109 474 1312 513 admittes.
1376 478 1473 515 Huc
1503 477 1684 522 accedit}
1705 481 1820 530 quod
1841 479 2151 530 supinumillud
2165 482 2315 521 'revera

223 567 317 593 cum
347 549 522 592 ablativo
551 546 818 599 componitur
840 547 938 586 loco
964 546 1037 585 illo
1070 547 1180 587 Plin.
1209 549 1312 593 VH,
1350 558 1386 592 1.
1434 552 1629 591 Parvum
1648 555 1767 592 dictu
1797 557 1873 593 sed
1906 558 2164 594 immensum
2183 559 2311 596 aesti-

223 631 434 671 matione,
487 623 667 675 denique
708 622 822 674 quod
864 621 1015 660 Graeci
1056 622 1103 661 in
1142 625 1292 662 eodem
1334 624 1499 663 dicendi
1528 634 1683 676 genere
1714 641 1803 666 non
1834 630 2034 676 dativum,
2074 631 2189 683 cujus
2221 632 2313 672 fere

226 705 369 742 eadem
391 710 514 752 atque
538 700 581 738 in
599 698 740 749 lingua
760 699 827 736 lat.
851 699 961 747 apud
977 698 1070 736 illos
1103 697 1165 736 vis
1195 705 1257 736 est
1274 703 1340 747 Ἴ,
1370 699 1591 745 adhibent,
1625 703 1712 739 sed
1752 704 2026 745 accusativum
2052 707 2164 746 illum
2196 723 2317 760 quem

216 784 370 818 vocant
389 774 541 827 objecti
560 771 809 814 remotioris.

411 851 535 900 Quae‘
560 862 708 887 causae
739 862 832 887 cum
862 848 1038 887 formam
1063 847 1202 898 supini
1239 862 1328 887 non
1356 849 1493 888 dativo
1518 851 1590 887 sed
1609 851 1689 888 abl.
1708 856 2061 893 annumerandam
2081 869 2170 896 esse
2197 858 2311 898 evin.

229 936 349 972 cant,
381 926 506 966 nobis
527 927 661 964 adhuc
682 924 979 976 inquirendum
997 924 1092 969 erit,
1126 939 1219 963 cum
1246 925 1414 964 ablativi
1431 925 1492 964 vis
1510 933 1592 964 tam
1610 927 1691 965 late
1709 933 1865 976 pateat,
1897 935 2034 967 utrum
2053 915 2161 970 haee
2178 932 2314 974 forma

223 1008 275 1044 ad
297 1015 441 1043 omnes
472 1002 579 1040 illius
604 1008 719 1040 casus
739 1000 936 1040 notiones
967 1000 1260 1052 significandas
1292 999 1513 1045 inserviat,
1555 1015 1610 1040 an
1642 1001 1687 1040 in
1717 1003 1824 1041 fines
1851 1002 2108 1054 angustiores
2137 1006 2188 1045 sit
2211 1022 2312 1048 con-

222 1081 423 1121 cludenda
438 1079 457 1118 ’.ἒ
519 1078 609 1118 Jam
626 1091 728 1117 vero
749 1083 916 1128 praeter
933 1075 1130 1128 supinum
1157 1075 1279 1116 etiam
1308 1076 1558 1130 gerundium
1579 1090 1751 1124 munera
1781 1066 1982 1131 quaedam
2006 1078 2082 1119 inf.
2118 1081 2314 1123 obeunda

221 1155 422 1204 suscepit,
455 1155 511 1193 uti
543 1167 664 1205 supra
696 1153 936 1196 docuimus,
970 1160 1010 1190 et
1039 1153 1210 1204 quidem
1235 1167 1303 1197 ea,
1347 1166 1454 1205 quae
1480 1155 1532 1190 ad
1562 1159 1757 1203 tempus,
1789 1153 2003 1202 medium,
2037 1169 2217 1194 causam
2236 1164 2311 1196 etc.

222 1230 454 1282 pertinent,
482 1229 537 1268 ita
555 1236 600 1267 ut
622 1227 771 1278 supino
791 1227 835 1266 id
862 1229 990 1267 modo
1009 1227 1198 1267 relictum
1220 1227 1293 1272 sit,
1313 1235 1358 1267 ut
1379 1239 1545 1269 sensum
1571 1226 1766 1266 vocabuli
1788 1227 1855 1267 cui
1881 1229 2110 1280 apponitur.
2125 1229 2234 1271 intra
2260 1231 2311 1271 fi-

218 1319 294 1344 nes
318 1303 576 1357 angustiores
600 1304 842 1353 compellat,
876 1309 916 1340 et
939 1316 1037 1341 vere
1056 1306 1140 1342 abl.
1165 1305 1453 1346 condicionis,
1487 1305 1577 1341 sive
1609 1310 1835 1355 respectus
1858 1303 1920 1343 sit.
1952 1326 2015 1334 —

427 1390 624 1442 Plerique
650 1402 793 1428 omnes
818 1388 1084 1429 Grammatici
1100 1403 1189 1441 sup.
1210 1389 1255 1429 in
1274 1405 1303 1428 u
1325 1379 1419 1428 curii
1417 1375 1674 1450 adjectivis,
1695 1388 1953 1429 substantivis
1976 1397 2017 1430 et
2036 1389 2175 1430 verbis
2198 1405 2309 1432 com-

227 1466 332 1518 poni
361 1480 485 1518 posse
508 1466 783 1506 contendunt.
805 1464 857 1503 cf.
888 1465 1022 1504 Rudd.
1056 1465 1117 1510 11,
1162 1472 1266 1517 259.
1269 1450 1489 1525 Βέιιιιεῐι.
1501 1454 1539 1516 Q.
1572 1449 1678 1511 17²0,
1721 1471 1762 1508 2.
1805 1465 1858 1505 A.
1891 1468 1959 1517 (p.
1996 1471 2111 1515 451)
2148 1468 2311 1519 Zumpt.

223 1557 257 1582 c
279 1550 363 1587 85,
409 1550 460 1625 5.
485 1541 614 1589 (670.
626 1544 654 1587 ).
719 1539 784 1578 De
812 1538 1022 1590 adjectivis
1056 1553 1183 1580 nemo
1216 1528 1289 1579 est
1297 1528 1399 1593 qui
1396 1533 1686 1589 adversetur
1717 1553 1857 1593 neque
1886 1541 2103 1625 quisquam
2130 1542 2312 1594 negabit,

1552 1613 1646 1623 ιιιιι

219 1693 448 1741 (Prudent.
469 1692 622 1743 Apoth.
649 1697 749 1735 8¹22-
766 1645 884 1742 ²quod
904 1690 1014 1730 dictu
1037 1693 1169 1731 scelus
1181 1674 1296 1741 ὥθ’
1306 1685 1505 1769 supinum
1513 1684 1568 1729 iit
1581 1705 1611 1729 ιι
1632 1688 1779 1742 subjici
1797 1703 1933 1743 posse.
2005 1691 2087 1730 Sed
2110 1690 2155 1731 id
2180 1692 2308 1731 modo

214 1766 336 1805 velim
363 1766 623 1809 consideres,
655 1767 760 1803 haec
790 1766 977 1803 substant
1005 1758 1172 1816 praeter
1197 1760 1381 1805 formabi
1394 1750 1533 1804 mh1r
1522 1778 1566 1802 m
1595 1778 1639 1802 se
1656 1765 1834 1808 habere,
1875 1767 1989 1817 quod
2022 1765 2072 1803 iis
2101 1767 2179 1803 hac
2207 1780 2308 1807 con-

216 1841 441 1880 structione
464 1840 583 1879 nexis
602 1839 772 1878 locum
761 1854 805 1878 ιιι
823 1840 1031 1879 Substant.
1054 1840 1258 1885 vindicet,
1284 1847 1429 1880 contra
1451 1854 1499 1879 ea
1522 1853 1688 1880 sensum
1704 1841 1829 1890 plane
1848 1842 2028 1880 eundem
2046 1847 2091 1879 ut
2109 1840 2309 1891 adjectiva

215 1915 375 1954 efficere
392 1914 567 1966 parique
586 1915 714 1954 modo
733 1926 826 1952 cum
845 1915 978 1952 verbo
1008 1914 1135 1953 subst.
1158 1899 1316 1953 tantum
1335 1913 1557 1965 conjungi3
1588 1927 1685 1953 nam
1709 1913 1809 1966 quid
1830 1914 1953 1967 nefas
1976 1918 2095 1954 dictu
2116 1920 2196 1959 est,
2229 1914 2310 1953 nisi

208 1994 408 2031 illicitum
429 1994 546 2030 dictu
573 1999 653 2035 est,
684 1989 922 2043 quidfactu
945 2006 1081 2043 opus,
1114 1990 1332 2044 nisifactu
1355 1989 1679 2030 necessarium?

394 2066 557 2115 Eodem
579 2077 708 2115 modo
731 2089 797 2115 res
824 2090 869 2115 se
894 2077 1018 2115 habet
1046 2076 1091 2114 in
1121 2074 1295 2115 iislocis
1318 2074 1362 2114 in
1389 2074 1539 2128 quibus
1565 2062 1879 2128 supina-verbis
1909 2075 2096 2127 subjecta
2128 2087 2217 2114 esse
2248 2074 2308 2114 di-

216 2158 374 2207 cuntur.
439 2152 630 2203 Namque
653 2152 781 2190 verba
802 2150 847 2189 in
878 2151 1104 2202 participiis
1128 2151 1262 2204 posita
1281 2157 1400 2195 sunt,
1445 2149 1620 2202 quibus,
1651 2157 1696 2189 ut
1722 2150 1767 2189 in
1796 2151 2036 2190 universum
2064 2156 2209 2189 notum
2236 2135 2308 2196 est,

213 2227 357 2264 eadem
386 2226 475 2264 fere
517 2235 578 2265 est
609 2235 755 2265 natura
782 2235 905 2278 atque
934 2226 1143 2277 adjectivis
1173 2241 1209 2265 e.
1235 2242 1272 2278 g.
1293 2227 1385 2265 val.
1408 2226 1523 2265 Max.
1547 2235 1597 2276 9,
1646 2235 1720 2277 13,
1756 2235 1797 2269 2.
1830 2270 1832 2272 v
1863 2229 2003 2265 Verba
2038 2230 2157 2265 dictu
2170 2223 2305 2277 fasti-

210 2302 366 2339 dienda
387 2303 664 2352 sunt3100us
686 2302 822 2341 autem
843 2300 911 2340 ille
930 2301 1029 2340 Tac.
1053 2300 1155 2354 Agr.
1178 2310 1247 2345 31.
1271 2304 1406 2353 pudet
1425 2293 1568 2345 dictu,
1601 2301 1830 2340 secundum
1849 2301 1917 2340 lat.
1936 2300 2105 2353 linquae
2123 2299 2308 2338 indolem

211 2377 525 2439 explicationem
546 2378 730 2417 admittit.
794 2378 984 2429 Namque
1011 2391 1103 2417 cum
1122 2386 1269 2417 natura
1285 2376 1543 2416 verborum
1530 2390 1760 2428 lmperson.
1774 2384 1822 2417 ea
1841 2378 1912 2422 sit,
1953 2384 2005 2415 ut
2014 2376 2308 2427 praedicatum,

212 2451 326 2501 quod
355 2437 609 2501 significant,
645 2454 789 2492 adesse
814 2452 1024 2501 indicent3
1065 2452 1156 2504 quis
1179 2460 1264 2498 est,
1298 2452 1400 2505 quin
1417 2452 1576 2497 videat,
1608 2456 1743 2504 pudet
1780 2453 1891 2492 idem
1920 2465 2030 2497 esse,
2053 2459 2195 2504 -atque
2226 2465 2306 2502 pu-

211 2529 312 2565 dere
335 2530 483 2570 adest,
519 2531 631 2578 quod
655 2543 844 2589 sensum,
879 2529 912 2567 si
934 2543 1024 2567 non
1048 2531 1249 2574 eundem,
1283 2536 1463 2568 attamen
1481 2528 1653 2568 similem
1672 2528 1842 2575 efficiet,
1875 2536 1947 2575 ut,
1975 2537 2103 2580 turpe
2120 2533 2207 2571 est,
2223 2538 2307 2576 quo

210 2601 321 2642 facto
350 2604 463 2642 unde
497 2606 611 2643 dictu
633 2606 836 2655 pendeat,
869 2613 1051 2657 apparet.
1115 2606 1166 2645 In
1198 2605 1344 2646 ceteris
1361 2603 1466 2645 locis
1486 2618 1591 2657 quos
1611 2605 1775 2646 Ramsh.
1796 2619 1837 2658 p.
1859 2613 1962 2650 452.
1988 2604 2122 2647 Rudd.
2149 2599 2204 2642 II.
2221 2605 2309 2650 259

238 2744 290 2809 Ὗ·)
317 2767 506 2800 Thia-sch.
536 2769 597 2802 Gr.
623 2779 674 2814 gr.
702 2771 734 2811 ς.
763 2776 847 2816 192,
872 2776 904 2807 3·
