2584 3102
186 111 245 147 20

335 222 532 275 Denique
563 224 677 274 quod
709 224 761 261 ad
791 219 1136 273 significationem
1164 218 1359 258 infinitivi
1388 220 1509 272 hujus
1535 233 1587 259 ex
1615 223 1748 263 verbo
1788 227 1845 265 iri
1873 234 1914 265 et
1942 227 2090 280 supino
2101 248 2111 255 ’-
2124 227 2170 267 in
2196 219 2279 269 um=
2322 269 2326 273 ,

189 296 410 346 compositi
432 296 596 340 attinet,
627 295 672 333 in
692 295 761 334 illo
781 295 865 333 vim
885 293 1004 333 verbi
1036 296 1091 332 iri
1119 301 1241 344 atque
1266 294 1393 334 finem
1422 295 1535 333 illum
1564 295 1715 345 supino
1744 298 1971 342 indicatum
1997 302 2133 342 inesse
2164 310 2277 342 con-‘

188 370 418 417 tendimus,
449 371 504 411 ita
536 379 581 411 ut
605 370 733 424 magis
762 371 814 410 de
844 384 895 410 eo
921 370 1036 423 quod
1069 374 1364 436 praeparatur,
1397 367 1555 421 agitur,
1586 374 1632 407 ut
1660 368 1815 425 aliquid
1842 373 1937 421 fiat,
1965 368 2094 430 {fuam
2118 379 2169 419 de
2190 356 2271 424 eo.

196 448 313 499 quod
339 446 524 486 futurum
555 452 637 491 est,
668 445 960 497 intelligendus
992 444 1053 482 sit.
1088 444 1140 482 cf.
1161 444 1326 482 Ramsh.
1348 444 1376 481 l.
1394 456 1428 481 c.
1462 444 1499 494 ᾧ.
1522 450 1577 486 5³
1615 447 1681 498 (p.
1702 450 1786 491 84)
1819 454 1906 486 not,
1936 471 1992 477 -

336 591 339 594 s
371 538 531 580 Restat,
553 543 598 574 ut
615 535 854 587 priusquam
876 536 928 573 de
948 535 1097 587 supino
1116 534 1247 586 priori
1260 534 1520 572 absolvamus
1533 562 1546 578 ,
1576 548 1708 584 pauca
1726 537 1778 575 de
1798 535 1849 575 iis
1871 537 2034 578 dicendi
2054 543 2278 592 generibus

187 626 495 664 proponamus,
537 602 645 662 quae
671 609 807 662 supini
837 611 975 649 locum
1002 610 1195 649 obtinere
1225 609 1252 648 i.
1274 623 1309 648 e.
1343 609 1520 649 eundem
1548 609 1638 650 fere
1673 624 1838 652 sensum
1866 615 2042 655 efficere
2073 617 2281 658 dicuntur.

189 687 283 737 Qua
314 688 360 725 in
386 700 434 726 re
461 686 563 725 mihi
586 688 670 726 hoc
696 686 1037 737 praecipiendum
1071 700 1160 725 esse
1185 684 1366 730 videtur,
1406 683 1519 722 varia
1549 685 1873 725 constructionis
1911 703 2067 741 genera
2096 694 2276 733 eundem

182 768 354 801 ‘sensum
378 775 544 801 servare
571 763 781 801 censenda
803 774 914 805 esse,
948 761 982 800 si
1013 759 1180 799 servatis
1209 772 1314 812 quae
1345 751 1511 798 ad'rein
1539 759 1751 809 pertinent
1772 761 2068 804 enuntiationis
2095 766 2276 807 formam

187 843 346 876 tantum
369 844 540 876 mutant.
603 836 671 875 Ad
692 849 782 874 rem
804 843 936 874 autem
957 835 1000 873 in
1034 834 1343 873 constructione
1370 835 1505 886 supini
1527 835 1679 885 prioris
1701 836 1904 885 pertinet,
1936 845 1982 876 ut
2010 840 2137 880 finem
2165 842 2281 882 mo'tu

121 929 126 935 ¹
189 915 531 964 consequendum
549 911 716 951 indicet.
781 913 921 962 Quare
943 910 1105 961 rejectis
1127 910 1253 955 locis,
1287 909 1417 963 qualis
1437 917 1499 949 est
1526 924 1651 963 quem
1680 911 1844 950 Ramsh.
1872 926 1913 962 p.
1935 921 2017 956 451
2051 917 2278 967 proponit:⁴

187 984 279 1024 Liv.
308 995 358 1031 Ἰ,
405 994 461 1030 27
498 1001 634 1039 quum
667 989 796 1040 legati
825 989 1059 1025 amicitiam
1094 999 1145 1023 ac
1172 987 1422 1024 docietatem
1452 993 1646 1037 petentes
1687 989 1929 1032 venissent,
1970 988 2123 1041 quippe
2160 992 2275 1044 cujus

193 1073 337 1099 sensus
364 1076 388 1100 a
415 1076 536 1100 sensu
559 1062 777 1112 supini-ita
799 1061 955 1104 differt,
985 1069 1029 1099 ut
1055 1068 1216 1111 tempus
1241 1074 1440 1111 praesens
1470 1076 1494 1099 a
1519 1062 1681 1101 futuro:
1715 1064 1767 1101 ad
1794 1063 1883 1102 illas
1915 1078 2023 1115 quae
2046 1069 2275 1106 secundum

195 1147 244 1173 ea
271 1149 377 1188 quae
404 1136 579 1176 diximus
607 1142 728 1175 verae
759 1119 1151 1175 circumlocutiones
1175 1142 1271 1174 sunt
1298 1135 1526 1175 veniemus.

429 1226 479 1265 In
504 1226 567 1265 his
598 1234 733 1265 autem
761 1228 960 1278 ponenda
989 1240 1079 1265 esse
1112 1234 1322 1277 putamus:

281 1299 331 1350 a)
370 1300 643 1352 Infinitivum
671 1305 855 1341 actionis
895 1304 1095 1341 durantis
1124 1309 1165 1341 et
1206 1303 1492 1341 Gerundium.
1558 1301 1609 1340 In
1644 1300 1715 1340 his*
1734 1315 1824 1341 non
1848 1309 1930 1347 est,
1960 1299 2079 1355 ‘quod
2105 1305 2284 1344 lectores

370 1375 518 1415 diutius
545 1391 780 1422 moremur,
820 1390 947 1428 quum
966 1376 1017 1414 ex'
1034 1376 1097 1415 his
1127 1390 1233 1427 quae
1252 1374 1539 1426 praemisimus
1566 1384 1747 1422 constet,
1780 1377 1997 1428 supinum,
2030 1371 2279 1429 gerundium

371 1457 412 1489 et
428 1450 675 1492 infinitivum
692 1452 806 1491 illum
828 1459 905 1490 act.
925 1453 1015 1490 dur.
1034 1450 1164 1489 varias
1181 1443 1546 1500 tanm‘ffl‘ejti‘sde'm
1572 1452 1751 1491 summae
1767 1451 1886 1490 verbi
1904 1451 2090 1492 notionis
2116 1453 2273 1495 formas

374 1539 483 1576 esse3
516 1541 646 1578 quare
667 1527 817 1565 mirum
837 1511 928 1565 non
951 1534 1035 1570 est,
1069 1527 1184 1578 quod
1201 1524 1328 1563 altera
1346 1512 1574 1564 inaltet-iiis
1587 1524 1731 1566 {deum
1752 1525 1808 1565 ita
1826 1525 2027 1572 succedit,
2061 1535 2106 1567 ut
2135 1521 2279 1567 discriss

368 1613 485 1646 men,
519 1603 633 1654 quod
650 1601 760 1640 inter
783 1614 852 1640 eas
877 1600 1132 1640 intervenire
1165 1584 1373 1639 3133ὴῖῒίοΖ
1391 1595 1591 1646 diximus,
1620 1601 1804 1640 omnino
1825 1603 2028 1641 sublatum
2054 1602 2117 1641 sit.
2184 1603 2281 1642 Hoc

368 1674 414 1713 in
436 1676 549 1715 hisce
569 1677 672 1715 locis
693 1676 815 1716 facile
835 1676 1050 1715 invenies:
1214 1673 1230 1677 ”
1256 1673 1273 1678 ”
1307 1673 1311 1676 ’
1340 1672 1344 1677 ’

420 1751 509 1792 Liv.
533 1760 606 1795 42,
628 1759 698 1793 25.
734 1752 861 1801 Quod
881 1751 948 1789 alii
966 1765 1090 1802 super
1111 1750 1212 1790 alios
1229 1734 1594 1802 legatiweiier'dn't,
1627 1751 1830 1802 speculari
1847 1752 1955 1791 dicta
1971 1752 2164 1805 factaque
2184 1766 2271 1792 sua.

422 1827 515 1867 Sall.
534 1827 627 1880 Jug.
654 1834 762 1873 108,
808 1836 845 1870 1.
886 1826 953 1866 lbi
984 1840 1077 1866 cum
1114 1826 1285 1866 Boccho
1313 1823 1685 1880 Nffihida‘qnidam
1713 1854 1723 1865 .
1742 1855 1751 1865 .
1771 1854 1780 1864 .
1800 1854 1810 1865 .
1844 1827 1992 1880 agebat
2026 1827 2274 1878 praemissus

513 1910 739 1953 spectatum
762 1901 922 1941 Bocchi
954 1901 1139 1940 consilia.

423 1976 470 2016 C.
488 1978 537 2015 B.
560 1978 610 2015 G.
642 1977 727 2021 111,
767 1986 803 2019 1.
836 1975 949 2014 Huic
977 1976 1181 2026 permisit,
1199 2004 1209 2013 .
1229 2004 1238 2013 .
1259 2004 1268 2014 .
1301 1976 1359 2014 uti
1388 1976 1432 2014 in
1461 1976 1519 2015 eis
1546 1976 1650 2015 locis
1674 1975 1882 2027 legionem
1902 1975 2114 2016 hiemandi
2147 1991 2269 2016 causa

517 2053 767 2090 conlocaret.

420 2124 549 2165 Corn.
567 2125 672 2177 Nep.
691 2126 810 2164 Eum.
835 2132 875 2170 8,
901 2136 938 2168 1.
971 2126 1066 2177 Ipse
1086 2125 1130 2164 in
1149 2123 1320 2165 finitima
1338 2124 1513 2177 regione
1524 2124 1704 2163 Persidis
1718 2124 1940 2165 hiematum
1962 2124 2104 2177 copias
2127 2124 2275 2165 divisit.

280 2215 329 2266 b)
361 2217 478 2253 Part.
499 2214 593 2268 fut.
619 2230 737 2267 pass.
770 2216 1148 2266 praepositionibus
1181 2220 1236 2255 ad
1247 2195 1278 2261 ,ι
1293 2218 1367 2260 ob,
1401 2219 1538 2262 inter,
1573 2223 1693 2260 ante,
1726 2219 1863 2263 circa,
1896 2220 1963 2261 in,
1994 2218 2059 2256 vel
2088 2217 2275 2255 substan-

367 2290 451 2329 tivo
468 2290 540 2330 illo
556 2292 685 2331 veteri
707 2307 855 2336 causa,
886 2294 1000 2344 quod
1022 2291 1340 2344 praepositionis
1358 2292 1491 2332 vicem
1514 2306 1661 2345 gerere
1688 2299 1859 2338 constat,
1879 2291 2039 2333 additis.
2062 2315 2122 2322 —
2152 2292 2274 2331 Hanc

369 2365 720 2407 constructionem
746 2366 791 2406 in
816 2366 954 2420 supini
985 2368 1124 2407 locum
1148 2368 1371 2407 succedere
1391 2380 1538 2420 posse,
1571 2379 1695 2407 nemo
1728 2366 1918 2421 negabit,
1952 2365 2024 2420 qui
2052 2368 2270 2418 reputave-

366 2439 439 2486 rit,
472 2442 649 2480 eundem
676 2455 842 2481 sensum
870 2456 1061 2486 manere,
1094 2442 1179 2480 sive
1212 2443 1343 2481 verbo
1371 2443 1568 2481 movendi
1595 2442 1689 2481 finis
1718 2430 1841 2494 hujus
1870 2449 2006 2481 motus
2036 2442 2268 2481 accusativo

257 2605 267 2609 —
302 2564 672 2635 jektiv-Vorstellimg
697 2589 828 2631 denkt,
855 2589 938 2623 z.B.
957 2590 1048 2622 Xen.
1068 2588 1229 2628 Anab.1‚
1256 2595 1288 2627 5,
1315 2598 1347 2636 9.
1375 2589 1484 2634 δῆλος
1509 2579 1554 2634 ἦν
1580 2585 1700 2635 Κῦρος
1729 2585 1897 2623 σπεύδων
1922 2588 2044 2622 πᾶσαν
2069 2586 2135 2631 τὴν
2160 2582 2265 2618 ὁδόν·

299 2649 374 2681 Aus
401 2648 481 2681 dem
504 2648 754 2683 Lateinischen
778 2651 907 2696 gehon-t
933 2640 1044 2684 dahiu
1071 2651 1128 2683 die
1153 2652 1425 2697 Verwandlung
1457 2662 1530 2683 von
1557 2651 1684 2684 dicunt
1710 2662 1747 2683 u.
1764 2661 1846 2682 ιη.
1881 2662 1937 2681 wo
1968 2648 2052 2680 kein
2082 2643 2276 2679 deutliches

299 2711 453 2753 Subjekt
476 2711 522 2742 da
546 2711 608 2747 ist,
633 2712 826 2748 indicitur
845 2719 930 2751 etc.;
964 2711 1162 2745 ferner‘die
1182 2712 1396 2746 Ausdriicke
1422 2723 1580 2745 summus
1599 2723 1723 2750 mons,
1758 2718 1912 2745 extrema
1930 2710 2034 2759 urps,
2068 2707 2139 2740 ima
2163 2702 2272 2736 vallil-

297 2769 437 2803 Damus
455 2771 503 2804 ist
514 2771 611 2804 auch
627 2770 683 2804 die
700 2771 805 2804 stelle
827 2772 915 2805 Hor.
932 2774 972 2805 A.
1000 2784 1036 2816 p.
1056 2779 1120 2811 231
1152 2772 1323 2805 »Effutire
1347 2772 1441 2804 leve·
1467 2772 1618 2816 indigna
1642 2772 2001 2823 tragoedin'versuu
2027 2776 2074 2796 zu
2096 2764 2272 2796 erklfirem
