2584 3102
252 108 315 153 16λ

249 225 450 269 infinitivi
481 224 584 271 sint,
617 222 771 265 omisso
797 222 931 262 verbo
960 221 1087 262 subst.
1114 234 1214 261 esse.
1277 216 1386 259 Nam
1411 209 1541 259 verba
1573 227 1720 259 neutra
1754 219 1932 260 formam
1963 218 2166 272 passivam
2183 211 2350 273 vsaepius

255 302 496 346 admittere,
527 300 716 351 pluribus
745 300 930 349 probare
971 300 1308 349 supersedemus,
1349 296 1402 335 cf.
1422 297 1585 346 Zumpt.
1608 295 1679 334 Gr.
1700 296 1727 334 l.
1751 309 1786 333 c.
1812 304 1892 340 37,
1932 304 1974 339 2.
2007 304 2095 336 not.
2121 303 2148 338 2
2191 299 2347 344 (144).

249 369 394 416 Unum
408 377 537 415 modo
558 377 698 415 locum
719 376 773 413 ad
790 374 1038 413 firmandam
1059 386 1150 412 eam
1180 384 1303 424 quam
1332 369 1624 422 proposuimus
1655 367 1900 409 sententiam
1928 369 2149 410 addamus.
2180 370 2349 411 Terent.

247 451 384 490 Andr.
424 460 472 496 1,
508 459 557 495 5,
594 459 632 493 5.
680 452 837 489 Nonne
870 451 1068 500 oportuit
1099 449 1343 498 praescisse
1376 461 1444 485 rne
1476 444 1604 485 ante?
1652 459 1793 484 nonne
1827 447 1954 496 prius
1982 435 2353 487 communicatum

255 525 487 577 oportuit?
552 526 617 564 Ex
644 523 970 563 constructionis
995 522 1159 562 ratione
1189 522 1284 560 satis
1305 535 1535 575 superque,
1568 527 1611 559 ut
1641 520 1791 565 cred0,
1823 519 2167 559 communionum
2191 522 2274 560 hoc
2304 521 2351 560 in

252 601 352 640 loco
384 598 636 640 infinitivum
667 613 758 640 esse
790 605 974 651 apparet.
1038 597 1144 638 Loci
1173 604 1330 642 autem,
1376 598 1428 635 de
1455 595 1606 649 quibus
1642 595 1829 649 quaestio
1864 602 1946 642 est,
1985 608 2132 635 nonne
2163 594 2349 647 ejusdem

257 676 384 725 plane
409 679 583 714 naturae
601 676 723 713 sunt?
785 675 947 713 Eodem
968 673 1149 724 pertinet
1166 674 1282 711 locus
1299 671 1368 710 ille
1389 672 1498 723 apud
1521 669 1611 710 Cic.
1628 670 1788 710 Acadd.
1807 671 1869 716 11,
1904 679 2059 716 4,10
2094 677 2231 711 totam
2259 685 2351 710 rem

246 750 438 788 Lucullo
486 752 705 804 integram
739 756 959 790 servatam
1001 750 1211 798 oportuit.
1244 746 1409 784 Ramsh.
1434 746 1505 783 Ga.
1537 744 1574 795 ᾧ.
1602 753 1712 789 171,
1745 745 1808 788 11,
1842 752 1882 787 2.
1913 759 1954 796 p.
1977 746 2079 788 460.
2110 746 2236 784 falsus
2266 752 2349 790 est,

257 831 461 863 servatam
482 839 561 876 pro
588 824 808 875 participio
828 824 1001 863 habens.

437 912 583 952 Paullo
606 912 811 952 difficilior
837 909 1041 963 explicatu
1073 914 1134 947 est
1160 909 1278 946 locus
1298 905 1367 945 ille
1390 905 1532 945 tertius
1558 905 1647 946 Cic.
1678 909 1729 946 ad
1762 908 1845 946 Att.
1873 908 1999 953 VIII,
2037 915 2105 952 18.
2150 912 2351 951 cohortes

249 990 308 1025 ad
338 1000 405 1025 me
434 989 620 1025 missum
640 986 804 1038 facias.
870 985 1099 1024 contextus
1124 986 1245 1021 mitte
1271 982 1472 1033 postulat,
1503 979 1560 1020 ita
1581 989 1626 1020 ut
1644 982 1812 1020 missum
1831 982 1958 1020 facias
1977 997 2056 1033 pro
2078 983 2350 1025 circumlocu-

251 1061 369 1100 tione
393 1062 586 1100 habenda
617 1061 679 1100 sit.
743 1061 834 1100 Jam
865 1074 967 1099 vero
996 1059 1138 1098 facere
1168 1059 1221 1097 ad
1241 1058 1355 1097 hunc
1380 1071 1501 1097 usum
1525 1056 1749 1097 inservisse
1777 1072 1830 1098 ex
1850 1057 1986 1098 multis
2004 1057 2136 1105 locis,
2170 1073 2349 1113 quorum

250 1136 406 1175 nubem
436 1135 568 1174 Rudd.
593 1136 658 1180 11,
693 1143 795 1179 241.
835 1135 999 1174 Ramsh.
1024 1135 1060 1187 §-
1085 1142 1165 1176 171
1204 1136 1272 1184 (p.
1296 1133 1410 1180 460..)
1444 1133 1724 1185 collegerunt,
1758 1132 1971 1187 conjicere
1986 1133 2094 1172 licet.
2153 1136 2348 1174 Missum

250 1218 385 1248 autem
405 1210 451 1248 in
470 1212 548 1248 hac
571 1209 941 1249 circumlocutione
961 1224 1051 1248 non
1075 1208 1270 1260 supinum
1285 1221 1397 1252 esse,
1430 1209 1504 1247 sed
1524 1207 1662 1258 potius
1689 1208 1952 1260 participium
1978 1223 2030 1248 ex
2053 1208 2118 1249 his
2145 1209 2249 1250 locis
2277 1225 2348 1262 ap-

244 1283 423 1336 parebit.
457 1283 545 1324 Cic.
568 1285 676 1324 Phil.
702 1293 749 1332 5,
787 1293 855 1337 19.
896 1287 1109 1338 Legiones
1134 1286 1245 1324 bello
1276 1283 1472 1341 confecto
1497 1282 1772 1334 missasfieri
1801 1287 1957 1335 placet.
2022 1283 2110 1323 Cic.
2137 1298 2215 1335 pro
2241 1285 2350 1323 Sext.

248 1360 320 1402 66.
354 1363 400 1398 Si
429 1363 505 1410 qui
528 1364 833 1410 voluptatibus
860 1363 1107 1405 ducuntur,
1149 1368 1191 1400 et
1222 1375 1268 1400 se
1302 1362 1515 1428 vitiorum
1540 1361 1752 1399 illecebris
1778 1364 2060 1406 dediderunt,
2093 1363 2253 1400 missos
2270 1359 2349 1412 fa-

247 1437 366 1474 ciant
388 1436 589 1476 honores.
653 1435 729 1481 At,
761 1433 910 1474 dixerit
937 1433 1105 1488 aliquis,
1139 1434 1173 1474 si
1190 1432 1367 1496 missum
1393 1425 1656 1501 participium
1684 1441 1809 1479 esset,
1850 1441 1892 1473 et
1923 1447 2078 1486 genere
2103 1441 2143 1474 et
2171 1448 2348 1475 numero

247 1522 343 1548 cum
361 1509 558 1548 substant.
583 1517 855 1562 congrueret,
884 1509 1030 1562 quod
1019 1523 1064 1548 ln
1084 1509 1188 1548 locis
1206 1509 1286 1548 illis
1296 1490 1591 1549 Ciceronianis
1607 1497 1767 1548 factum
1784 1522 1874 1548 esse
1892 1510 2019 1548 vides.
2079 1510 2157 1550 Cui
2178 1510 2242 1549 rei
2261 1510 2350 1549 noli

247 1586 421 1622 multum
442 1585 630 1623 tribuere
691 1585 880 1637 Namque
899 1587 1133 1636 complures
1151 1586 1234 1625 loci
1246 1563 1441 1631 exsta'fi‘t,
1466 1581 1521 1624 in
1537 1572 1699 1637 quibus
1717 1578 1934 1637 participia
1961 1584 2349 1638 cum—substantivis

247 1670 330 1696 nec
357 1671 514 1710 genere
542 1671 623 1697 nec
652 1671 828 1698 numero
857 1667 1108 1712 congruunt.
1150 1659 1238 1699 Cic.
1263 1661 1386 1699 Verr.
1416 1661 1479 1705 V,
1514 1658 1585 1702 65.
1627 1661 1751 1699 Hanc
1775 1647 1864 1698 sibi
1899 1674 1988 1699 rem
2015 1658 2224 1710 praesidio
2253 1672 2345 1711 spe-

249 1740 347 1770 rant
368 1733 565 1771 futurum.
630 1733 760 1771 Plaut.
778 1734 929 1785 Amph.
947 1735 1060 1774 Prol.
1094 1743 1164 1778 35.
1197 1733 1719 1775 Justaff‘kem'dt'facilem
1742 1748 1831 1774 esse
1861 1743 2022 1775 oratum
2044 1749 2067 1773 a
2098 1734 2217 1773 vobis
2236 1735 2347 1773 volo.

251 1807 306 1847 cf.
337 1808 472 1847 Rudd.
502 1808 546 1852 1,
581 1813 680 1851 285.
734 1808 980 1849 Perizonius
1010 1811 1062 1849 ad
1089 1809 1227 1849 Sanct.
1259 1809 1365 1849 Min.
1394 1807 1572 1856 Phia
1611 1817 1651 1850 et
1683 1809 1872 1862 inprimis
1906 1807 2187 1849 testimonium
2213 1793 2349 1860 ipsum

248 1881 456 1921 Prisciani
474 1882 557 1927 lx,
593 1892 616 1926 7
634 1910 647 1927 ,
682 1891 737 1935 39
770 1886 859 1933 (ed.
877 1885 949 1923 Kr.
970 1899 1011 1937 p.
1033 1894 1118 1929 457
1131 1888 1191 1933 *).
1259 1886 1399 1936 Quare
1423 1898 1502 1924 nos
1524 1887 1637 1925 hunc
1655 1887 1797 1926 locum
1816 1887 1868 1925 ad
1888 1900 2019 1938 genus
2049 1885 2218 1925 dicendi
2246 1884 2348 1924 illud

251 1957 485 2009 antiquitati
502 1959 690 1999 relictum
705 1961 975 2000 referendum
1001 1974 1091 2000 esse
1126 1974 1366 2005 censemus,
1399 1974 1539 2013 neque
1569 1962 1763 2013 supinum
1788 1962 1834 2001 in
1863 1963 2067 2002 vocabulo
2104 1958 2346 2016 „missum“

248 2044 482 2084 agnoscere
515 2047 744 2083 possumus-

432 2122 567 2161 Aliter
582 2137 650 2162 res
669 2138 712 2162 se
732 2125 856 2163 habet
871 2123 916 2162 in
933 2128 1031 2165 loco
1053 2125 1125 2164 illo
1151 2127 1245 2165 Sall.
1267 2127 1374 2166 Hist.
1394 2128 1556 2178 Fragm.
1577 2127 1662 2172 Ill,
1693 2134 1751 2171 22
1784 2130 1874 2175 (ed.
1893 2122 2007 2168 Cort.
2029 2142 2070 2178 p.
2091 2131 2197 2177 975)
2229 2139 2344 2165 nam-

248 2211 331 2249 que
352 2197 397 2237 in
419 2211 471 2237 eo
503 2202 649 2237 ultum
676 2213 774 2238 vere
806 2199 998 2250 supinum
1031 2209 1104 2241 est.
1180 2201 1263 2251 Qui
1286 2203 1404 2241 locus
1433 2215 1526 2242 cum
1554 2201 1701 2242 unicus
1725 2202 1795 2248 sit,
1838 2201 1884 2241 in
1912 2216 1996 2255 quo
2029 2215 2053 2240 a
2078 2201 2209 2241 verbo
2245 2203 2344 2240 hor-

242 2275 364 2311 tandi
397 2273 592 2323 supinum
623 2275 828 2323 pendeat,
874 2276 1058 2326 quamvis
1092 2276 1304 2316 Sallustius
1345 2291 1488 2316 amore
1519 2279 1702 2330 quodam
1742 2277 1893 2328 supino
1926 2275 2060 2328 priori
2091 2289 2184 2314 cum
2212 2275 2343 2314 verbo

245 2349 308 2387 ire
337 2347 566 2400 conjuncto
589 2361 686 2387 usus
717 2346 790 2394 sit,
830 2349 923 2390 Sall.
947 2350 1036 2392 Cat.
1066 2352 1147 2398 36,
1183 2359 1259 2397 52,
1291 2359 1359 2396 12.
1401 2353 1495 2405 Jug.
1521 2360 1599 2398 51,
1633 2361 1714 2406 27.
1748 2352 1830 2398 68,
1869 2361 1924 2395 1.·
1948 2359 2027 2397 85,
2062 2357 2142 2396 42,
2174 2350 2247 2390 ubi
2277 2349 2344 2390 alii

303 2512 341 2555 ⁸)
374 2511 593 2556 Frequenter
610 2520 728 2547 tamen
752 2513 991 2558 antiquissimi
1012 2520 1141 2549 neutro
1162 2517 1355 2562 participio
1375 2518 1489 2552 futuri
1510 2517 1691 2553 addebant
1708 2528 1802 2556 csse,
1837 2522 1870 2549 et
1891 2514 2109 2550 infinitivum
2131 2516 2195 2550 fut.
2214 2512 2347 2560 signifi-

366 2573 517 2611 cabant,
546 2582 733 2609 oraturum
748 2586 825 2609 esse
844 2586 911 2619 pro
932 2583 1073 2609 oratum
1096 2578 1146 2610 ire
1165 2578 1324 2612 dicentes
1338 2605 1348 2622 ‚
1376 2587 1409 2612 et
1426 2582 1603 2614 facturum
1622 2592 1698 2614 esse
1717 2591 1782 2623 pro
1802 2581 1933 2612 sactum
1949 2579 2010 2613 ire.
2036 2580 2124 2612 ento
2147 2578 2186 2610 iu
2203 2577 2244 2609 V.
2264 2575 2344 2607 Ori-

364 2635 509 2678 ginum:
546 2638 607 2669 Illi
630 2639 783 2681 polliciti
810 2650 882 2670 sese
899 2639 1088 2680 facturum
1115 2643 1240 2673 omnia
1260 2630 1273 2672 .'
1284 2664 1387 2675 .....
1412 2642 1575 2676 Lucilius
1592 2643 1630 2675 in
1651 2642 1753 2675 XVII
1769 2642 1815 2675 ad
1832 2641 2046 2684 Penelopam
2068 2648 2259 2672 conversus
2278 2636 2341 2669 ⁸5²²

363 2696 579 2739 Nupturum
604 2703 638 2730 te
662 2704 775 2743 nupta
801 2710 932 2744 negas,
969 2699 1071 2744 quod
1096 2700 1215 2734 vivere
1240 2701 1382 2737 Ulixem
1408 2714 1528 2747 speras
1546 2727 1679 2738 ......
1710 2704 1806 2748 Sylla
1831 2703 1871 2737 in
1893 2702 1992 2736 XXI.
2018 2702 2153 2734 Rerum
2178 2688 2341 2731 suumin:

365 2756 423 2788 Ad
449 2768 620 2791 summam
646 2760 843 2802 perniciem
868 2771 977 2803 remp.
998 2769 1254 2805 perventurum
1280 2776 1364 2798 esse.
