2584 3102
146 57 242 96 ”28

145 176 148 180 ’
182 168 414 211 enuntiatio
442 167 562 223 „quis
589 163 841 208 descendat“
863 151 1096 218 subjectum
1113 166 1164 206 sit
1184 169 1237 207 ad
1261 182 1379 221 „non
1385 168 1527 223 facile
1546 177 1614 212 est
1632 173 1844 218 inventu«
1865 175 2130 220 ‚mque-
2154 177 2283 224 „010

184 254 231 305 pt
251 246 298 283 in
313 248 411 283 loco
433 246 503 282 illo
534 243 622 282 Cic.
647 244 728 281 Off.
754 243 817 285 11,
854 251 933 286 14,
976 250 1048 285 48·
1072 243 1243 294 difficile
1261 247 1379 282 dictu
1400 252 1487 288 est,
1530 253 1704 295 quanto·
1725 263 1857 299 opere
1875 257 2090 297 ,conciliet
2114 256 2286 292 animos

186 325 371 361 comitas
393 319 717 377 affabilitasque
739 331 1005 357 sermonum.

335 401 337 404 ⁴
371 393 531 446 Quodsi
551 406 623 438 ea,
667 405 774 445 quae
805 393 857 431 de
884 399 1031 433 natura
1063 389 1204 443 supini
1240 391 1829 450 posteriorisproposuimus,
1873 405 1987 438 recte
2016 414 2061 441 se
2095 403 2279 448 habent,

158 490 159 493 ¹
182 474 242 512 uti
264 485 501 523 speramus,
525 473 576 510 de
593 469 962 509 circumlocutione
977 469 1022 506 in
1043 469 1222 507 formula
1242 468 1310 506 illa
1330 467 1732 519 optimumfactum
1754 485 1832 521 pro
1855 475 2099 525 „optimum
2105 477 2286 527 factu,“

183 556 229 599 u}
246 547 362 588 multi
383 548 549 591 volunt,
583 559 721 585 sermo
743 545 915 596 amplius
934 559 1024 585 esse
1054 559 1143 584 non
1173 543 1336 596 poterit,
1407 543 1597 595 Namque
1618 559 1711 586 cum
1739 546 1933 597 supinum
1942 547 2099 601 factu,
2140 559 2285 601 utpote

189 623 305 676 quod
322 620 456 661 vicem
473 619 666 659 infinitivi
693 628 808 673 gerat
827 619 1009 674 ideoque
1037 619 1089 658 ad
1116 632 1261 658 omnes
1291 617 1477 670 ejusdem
1503 618 1668 671 generis
1701 632 1818 660 casus
1848 601 2077 673 pertineat,
2108 622 2290 678 factum

185 706 344 741 autem,
378 698 494 747 quod
520 703 624 746 part.
646 696 704 745 pf.
725 709 831 745 pass.
852 696 921 735 hic
947 695 1186 734 substantivi
1204 694 1302 734 16co
1321 695 1500 744 positum
1519 701 1602 738 est,
1635 708 1713 744 pro
1744 709 1830 736 uno
1863 704 2021 739 tantum
2056 714 2152 740 casu
2187 715 2287 753 pos-

183 772 234 812 sit
256 771 411 824 accipi3
445 770 578 823 quivis
598 770 707 809 inter
722 771 846 809 hasce
874 771 1073 809 formulas
1107 769 1383 808 differentiam
1417 772 1558 822 quoad
1593 783 1811 811 numerum
1838 772 2040 815 interesse
2070 775 2284 829 intelliget,

152 868 157 873 ¹
182 848 239 887 ita
259 855 306 886 ut
328 850 542 899 optimum
556 845 736 899 sactum
756 850 855 898 (gut
882 847 1032 898 gethan
1059 845 1086 883 i.
1108 846 1264 897 e.*gute
1294 847 1425 893 That)
1456 848 1508 886 ad
1530 846 1738 899 singulare
1771 848 1895 900 quid,
1924 853 2139 901 optimum
2155 852 2287 905 factu

185 926 284 975 (gut
302 938 352 962 zu
374 924 504 969 thun)
526 924 580 961 ad
599 922 748 974 omnia:
758 921 944 972 ejusdem
961 921 1150 973 generis,
1184 935 1290 973 quae
1316 918 1418 977 fieri]
1430 929 1623 972 possunt,
1665 922 1914 973 pertineant.
1947 925 2001 964 cf.
2030 927 2207 977 Bentley
2236 930 2288 967 ad

182 1000 352 1038 Terent.
374 999 506 1037 Andr.
529 998 561 1036 1.
587 1005 635 1041 5,
675 1007 709 1039 1.
731 1001 789 1044 ⁴).
832 999 1046 1036 Hocinest
1060 995 1192 1048 factu
1216 1000 1460 1036 humanum
1481 1004 1560 1036 aut
1582 997 1787 1049 inceptu?
1816 1006 1857 1038 et
1883 999 2082 1040 Kritzium
2112 1003 2164 1040 ad
2193 1002 2287 1042 Sall.

182 1074 279 1115 Cat.
301 1081 356 1117 32
370 1103 383 1119 ‚
427 1081 467 1116 2.
503 1076 716 1125 optimum
721 1071 914 1125 factum.
947 1097 1009 1104 -—
1039 1073 1107 1112 Ab
1129 1074 1212 1112 hoc
1230 1086 1306 1111 usu
1325 1073 1370 1112 in
1389 1080 1534 1112 natura
1551 1063 1777 1113 ‘verborum
1796 1074 1969 1114 fundato
1994 1083 2139 1126 poetas
2158 1075 2287 1117 inter-

155 1175 158 1177 >
187 1152 282 1189 dum
309 1151 531 1194 recedere,
563 1156 608 1187 ut
630 1148 674 1187 in
701 1151 846 1201 vulgus
867 1157 1013 1189 notum
1033 1157 1116 1194 est,
1148 1149 1204 1188 ita
1236 1148 1358 1188 etiam
1387 1162 1439 1188 ex
1468 1148 1531 1188 his
1541 1148 1666 1223 decis
1701 1162 1960 1201 cognoscere
1990 1151 2159 1202 poteris.
2197 1152 2287 1193 Cic.

186 1227 268 1265 Off.
288 1226 330 1271 1',
366 1234 390 1268 3
404 1254 416 1270 ,
442 1235 464 1269 ’ῑ
492 1228 780 1265 honestumne
789 1224 923 1278 factu
949 1229 1007 1267 sit
1033 1242 1090 1265 an
1113 1233 1242 1278 turpe
1264 1228 1487 1271 dubitant,
1510 1228 1554 1266 id
1578 1228 1696 1278 quod
1715 1228 1760 1265 in
1781 1228 2138 1268 deliberationem
2156 1232 2283 1283 cadit.

183 1303 289 1341 Hor.
311 1302 392 1341 Sat.
411 1301 456 1347 1,
489 1311 515 1344 4
529 1331 540 1347 ‚
579 1309 688 1347 124,
721 1305 820 1342 Sive
847 1306 1023 1342 vetabat
1053 1318 1110 1342 an
1132 1306 1214 1343 hoc
1236 1305 1576 1344 inhonestumaet
1595 1303 1748 1341 inutile
1755 1299 1936 1353 factum.
1958 1305 2106 1344 Necne
2130 1307 2189 1345 sit
2214 1308 2289 1345 ad-

184 1380 368 1417 dubites.
429 1378 535 1416 Nam
557 1385 707 1428 poetae
734 1387 779 1417 ut
814 1379 994 1421 orationi
1022 1379 1225 1430 majorem
1264 1379 1419 1416 addant
1441 1375 1685 1428 ,vimnatque
1715 1377 1988 1423 alacritatem,
2029 1379 2072 1418 id
2100 1382 2216 1432 quod
2236 1381 2288 1419 in

179 1455 319 1505 plures
339 1466 454 1492 casus
475 1452 655 1505 pertinet
682 1454 800 1507 quasi
819 1454 904 1506 jam
926 1454 1080 1494 factum
1099 1455 1174 1499 sit,
1208 1453 1400 1505 em‘od‘go
1416 1451 1733 1495 etiameffectus
1753 1460 1866 1493 certe
1885 1454 1974 1493 dari
1997 1455 2150 1506 possit,
2182 1470 2284 1507 pro-

147 1552 150 1553 ν
180 1535 358 1578 ponunt.
399 1550 462 1565 .—
477 1533 486 1539 “
504 1529 651 1568 Plures
677 1529 1066 1568 circumlocutiones
1094 1543 1196 1581 quas
1217 1529 1407 1580 Apud-³13.
1430 1529 1516 1569 be.
1538 1527 1725 1582 uidebis.
1767 1540 2011 1578 proponere
2038 1533 2286 1580 supersede-

149 1628 152 1631 -
180 1616 293 1648 mus,
327 1606 440 1656 quod
458 1619 480 1642 a
498 1619 623 1643 sensu
643 1619 720 1655 per
738 1604 933 1655 supinum
951 1619 1150 1655 expresso
1171 1607 1311 1656 paullo
1339 1603 1507 1656 longius
1543 1604 1768 1647 recedunt,
1811 1603 2198 1657 neque'quicquam
2233 1607 2286 1644 ad

178 1685 368 1717 naturam
395 1678 533 1729 supini
560 1679 846 1719 illustrandam
874 1681 1025 1719 valent.
1099 1680 1205 1719 Nam
1233 1666 1442 1748 εὲἒιιιρὶιι
1454 1677 1567 1718 illaz'
1575 1676 1774 1732 difficilis
1804 1685 1870 1718 est
1901 1681 2189 1719 adeuntibus.-
2223 1687 2286 1726 et,

180 1768 252 1794 res
279 1754 447 1808 difficile
481 1757 749 1808 dijudicatur
777 1764 952 1807 possunt
978 1756 1047 1795 illa
1077 1756 1267 1809 quidem,
1290 1729 1526 1817 iinmutato
1540 1761 1677 1794 tamen
1698 1768 1845 1798 sensu,
1894 1769 1971 1805 per
1993 1754 2187 1805 supinum
2209 1769 2282 1794 ex-

177 1828 320 1881 primi,
353 1832 426 1871 sed
452 1830 544 1884 qui,
576 1839 714 1872 utrum
736 1833 814 1871 hac
831 1846 886 1871 an
904 1832 973 1872 illa
989 1832 1170 1871 formula
1191 1831 1340 1878 utaris,
1375 1800 1478 1871 iiihil
1501 1830 1724 1874 interesse,
1758 1829 1930 1875 dixerit,
1974 1843 1997 1868 a
2027 1843 2135 1870 vero
2169 1831 2280 1870 haud

151 1930 155 1933 v
181 1904 305 1944 dubie
327 1906 456 1958 longe
486 1906 705 1945 aberravit.
737 1930 800 1937 —

357 2012 360 2014 >
383 1981 545 2032 Quibus
565 1985 617 2021 de
642 1997 719 2022 usu
741 1991 864 2037 atque
888 1990 1034 2022 natura
1056 1983 1301 2034 supinorum
1332 1982 1558 2036 propositis
1589 1982 1691 2020 libet
1718 1982 1860 2032 paucis
1889 1983 1941 2019 de
1970 1981 2107 2020 forma
2131 1994 2281 2020 eorum

177 2055 375 2111 fingenda
403 2041 619 2097 disserere.
652 2082 714 2089 -
748 2058 1123 2097 Grammaticorum
1146 2060 1381 2108 complures
1405 2058 1574 2110 linquae
1604 2071 1777 2108 graecae
1810 2055 2022 2107 analogias
2054 2055 2183 2095 secuti
2214 2069 2281 2094 su-

177 2128 266 2180 pini
284 2129 459 2171 formam
487 2145 580 2172 cum
599 2132 745 2173 formis
764 2133 842 2173 illis
861 2133 1162 2187 adjectivorum
1183 2132 1413 2172 verbalium
1432 2132 1478 2171 in
1495 2129 1595 2179 -·'to'5,
1629 2130 1716 2175 τέος
1739 2132 2030 2177 contulerunt,
2074 2138 2199 2184 atque
2229 2144 2282 2169 ex

174 2205 238 2242 his
260 2206 406 2254 supina
425 2208 649 2246 latinorum
667 2210 929 2251 derivarunt,
973 2224 1025 2247 eo
1058 2223 1192 2260 usque
1224 2209 1565 2259 progredientes,
1604 2217 1648 2246 ut
1675 2211 1741 2246 vel
1771 2207 2118 2258 significationem
2148 2206 2281 2255 ipsam

151 2302 154 2305 ·
177 2278 278 2321 inde
298 2289 496 2332 peterent.
518 2283 583 2325 Cf.
604 2287 789 2338 Herzog.
803 2287 855 2325 ad
875 2286 969 2337 Sall.
991 2287 1061 2325 lat.
1083 2284 1164 2330 36,
1198 2294 1238 2328 4.
1260 2289 1335 2334 ’·’).
1380 2283 1585 2337 Equidem
1606 2293 1650 2324 ut
1663 2284 1845 2324 libenter
1866 2284 2057 2324 concedo
2071 2310 2084 2327 ‚
2098 2280 2284 2335 linquam

222 2460 255 2503 ⁰)
282 2458 348 2491 Sic.
373 2460 501 2492 Heaut.
529 2462 587 2495 IV.
614 2470 655 2501 5,
683 2462 740 2499 26.
792 2465 878 2496 Rem
897 2465 1004 2507 factu
1023 2464 1188 2506 facilem.
1215 2464 1358 2496 Phorm.
1386 2464 1429 2496 11.
1456 2473 1499 2504 4,
1529 2464 1583 2501 16.
1614 2464 1733 2506 Turpe
1772 2465 1911 2505 inceptu
1946 2468 2005 2494 est.
2050 2460 2145 2503 Quid
2181 2459 2282 2504 quod

295 2527 419 2565 postea
443 2523 515 2556 vidi
541 2525 637 2568 apud
662 2526 868 2559 Donatum:
896 2527 1046 2559 Pactum
1073 2532 1137 2558 aut
1162 2528 1361 2569 inceptum.-
1395 2529 1431 2559 in
1466 2528 1569 2565 aliis,
1597 2526 1706 2569 factu
1749 2530 1815 2557 aut
1849 2526 1987 2567 inceptu
2016 2523 2105 2566 suit.
2163 2521 2283 2557 Bene,

294 2584 396 2628 quod
422 2584 644 2618 doctissimus
668 2587 832 2633 magister
864 2593 1035 2620 vetustam
1070 2587 1261 2621 lectionem
1295 2588 1477 2622 iudicavit.
1529 2589 1609 2621 Hoc
1643 2586 1805 2620 interest:
1834 2585 1880 2629 ‘Si
1907 2586 2052 2629 sactum
2085 2584 2195 2629 legis,
2233 2581 2281 2614 ad

290 2647 470 2693 singulare
497 2648 586 2691 quid
612 2650 772 2692 respicis;
799 2652 828 2683 si
852 2653 964 2688 factu,
991 2651 1037 2684 ad
1065 2651 1187 2684 omnia
1213 2651 1306 2684 circa
1336 2652 1480 2694 nuptias
1508 2658 1541 2683 et
1565 2643 1758 2694 praeterita
1786 2655 1820 2681 et
1844 2650 1979 2682 futura.

212 2712 263 2756 ⁰⁸)
290 2710 336 2743 Es
361 2710 503 2743 scheint
528 2713 773 2756 ausgemaeht,
800 2724 904 2746 weun
931 2725 1013 2747 man
1041 2714 1098 2747 die
1124 2714 1302 2760 Analogie
1329 2714 1392 2746 der
1418 2724 1468 2758 gr.
1496 2712 1652 2755 Sprache
1678 2722 1743 2744 zur
1766 2710 1885 2744 Norm
1912 2709 2058 2745 niman,
2094 2705 2173 2737 dau
2209 2702 2282 2734 den

280 2772 430 2815 Supiuis
453 2773 511 2805 die
525 2772 633 2804 Form
652 2773 715 2805 der
725 2774 992 2816 Adiectivorum
1005 2776 1104 2809 verb.
1117 2787 1200 2808 zum
1220 2776 1369 2808 Grundc
1386 2776 1472 2818 liegt
1486 2787 1493 2812 3
1506 2774 1580 2806 also
1600 2773 1666 2806 wie
1676 2773 1804 2808 λεκτός
1823 2783 1862 2804 so
1884 2771 1982 2804 euch
2000 2769 2058 2801 lat.
2081 2767 2205 2798 lectus.
2230 2784 2276 2792 —
