2584 3102
2235 71 2262 111 9

176 185 323 226 diune}
345 193 413 222 res
435 177 583 229 ‘mpim'
612 175 800 238 proprias
830 176 1097 215 declarandas
1119 176 1276 216 sufficit.
1339 177 1430 216 Jam
1456 190 1557 215 vero
1590 191 1681 216 cum
1711 191 1848 230 neque
1877 177 1920 216 in
1942 178 2083 230 lingua
2108 194 2255 231 graeca

176 272 316 313 neque
341 257 387 296 in
418 266 623 307 quaquam
651 253 727 292 alia
756 253 1036 292 recentiorum
1065 253 1277 304 propriam
1303 253 1440 303 supini
1468 254 1644 292 formam
1671 254 1884 298 invenias,
1928 254 2111 307 indeque
2142 265 2254 295 recte

175 334 428 376 concludere
451 329 605 382 possis,
643 331 811 369 modum
833 341 957 381 quem
988 337 1140 368 vocant
1168 328 1285 368 verbi
1313 328 1562 381 singularem
1591 329 1747 380 supinis
1777 343 1864 370 non
1894 330 2019 375 effici,
2063 330 2105 370 id
2129 346 2252 383 agen-

153 406 274 449 dum
294 407 390 452 erit,
420 413 487 451 ut,
519 407 571 444 ad
591 418 811 458 quemnam
831 403 950 442 verbi
979 405 1148 442 modum
1174 404 1320 455 supina
1347 404 1569 443 referenda
1597 405 1697 448 sint,
1732 407 1966 444 doceamus.
2032 407 2172 456 Quare
2202 410 2255 446 ad

175 483 423 525 infinitivum
443 495 521 522 nos
541 480 688 531 supina'
703 478 759 528 ita
778 469 998 517 referenda
1017 491 1251 522 censemus,
1281 485 1326 515 ut
1349 491 1395 515 ea
1418 492 1495 528 pro
1519 478 1595 517 alia
1613 486 1771 518 tantum
1796 488 1835 518 et
1854 480 2030 519 fortasse
2054 480 2252 532 antiquis-

177 561 278 610 sima
299 561 434 599 forma
455 538 647 596 infiniti&
666 555 795 606 ipsius
817 556 1010 593 habenda
1032 554 1132 597 sint,
1166 553 1281 604 cujus
1307 562 1450 605 utpote
1468 554 1633 611 longius
1650 556 1828 605 patentis
1856 570 2030 594 munera
2050 558 2253 608 quaedam

180 638 226 677 in
256 633 489 676 accusativo
519 639 559 672 et
588 629 766 672 ablativo
800 644 848 671 ea
875 644 955 683 qua
983 630 1140 672 Romae
1169 629 1309 669 literae
1339 629 1547 669 florebant
1569 614 1706 669 sstate
1737 630 1927 671 obierint.
1993 631 2129 682 Quam
2160 644 2254 670 sen-

175 711 345 751 tentiam
365 716 548 748 nostram
573 716 618 746 ut
636 707 681 745 in
699 709 792 746 luce
817 706 982 745 clariori
1001 719 1306 757 proponamuS,
1339 719 1404 743 res
1427 706 1541 744 altius
1563 706 1685 744 nobis
1708 709 1932 757 repetenda
1955 708 2043 745 erit.

360 817 485 867 Quod
509 813 654 865 supina
674 812 878 851 infinitivo
907 808 1133 863 sujicienda
1165 826 1254 850 esse
1286 812 1483 858 diximus,
1515 815 1596 851 hoc
1627 815 1678 853 de
1711 813 1912 852 infinitivo
1944 827 2067 865 quem
2098 821 2250 852 vocant

174 891 400 947 praesentis
419 904 490 929 seu
510 888 658 928 rectius
681 887 855 941 actionis
875 887 1057 926 durantis
1078 887 1230 926 dictum
1246 887 1377 926 velim.
1418 887 1552 938 Hujus
1570 887 1761 926 infinitivi
1783 896 1931 933 autem,
1963 901 2089 940 quum
2111 902 2186 938 per
2204 901 2248 926 se

175 968 331 1021 positus
354 973 436 1010 est,
467 964 527 1004 vis
550 979 599 1004 ea
617 971 698 1008 est,
731 971 777 1001 ut
797 971 937 1002 notam
957 963 1134 1015 aliquam
1152 964 1285 1003 verbo
1307 963 1596 1015 significatam,
1630 977 1752 1016 quam
1773 963 1840 1002 alii
1859 963 1971 1003 modi
1993 965 2044 1002 de
2064 961 2251 1013 subjecto

181 1055 429 1099 quacunque
447 1039 609 1081 ratione
626 1037 887 1092 praedicant,
917 1039 1044 1078 solam
1060 1052 1136 1091 per
1154 1052 1197 1078 se
1220 1038 1335 1093 quasi
1350 1046 1394 1077 ut
1414 1039 1711 1078 substantivum
1731 1039 1944 1084 exhibeat,
1968 1054 2006 1077 v.
2019 1052 2079 1090 gr.
2098 1041 2253 1082 dicere,

177 1118 225 1157 τό
259 1115 525 1164 μανθάνειν,
566 1119 645 1168 das
674 1117 868 1164 Lernen3
912 1129 994 1166 qua
1016 1114 1151 1152 forma
1178 1115 1382 1153 indicatur
1405 1116 1496 1153 fieri
1521 1116 1696 1166 aliquid,
1740 1117 1841 1166 quin
1875 1117 2129 1158 declaretur,
2165 1114 2256 1165 quis

180 1195 335 1247 aliquid
360 1188 483 1233 faciat
510 1200 578 1231 aut
605 1192 868 1244 perpetiatur.
934 1192 1051 1241 Quae
1083 1204 1237 1229 summa
1267 1190 1384 1230 verbi
1409 1190 1550 1237 notio,
1593 1190 1786 1231 infinitivi
1812 1205 1908 1230 vera
1940 1189 2023 1236 vis,
2068 1197 2258 1230 naturam

175 1269 294 1310 verbi
312 1269 430 1308 simul
447 1275 487 1307 et
506 1267 686 1307 nominis
708 1266 915 1318 sequitur,
945 1278 1043 1303 nam
1062 1273 1102 1303 ct
1123 1278 1259 1304 casum
1279 1266 1398 1304 verbi
1417 1266 1542 1318 regit,
1577 1274 1617 1305 et
1638 1267 1726 1317 ipsa
1737 1251 1790 1305 xin
1812 1267 1933 1304 variis
1951 1269 2251 1306 vocabulorum

178 1344 390 1386 structuris
409 1344 454 1383 in
475 1343 667 1383 omnibus
690 1340 851 1380 casibus
872 1336 977 1390 poni
995 1345 1139 1388 potest.
1172 1338 1250 1386 (cf.
1270 1342 1417 1380 Bauer.
1431 1344 1483 1380 ad
1505 1342 1641 1381 Sanct.
1664 1343 1768 1381 Min.
1791 1343 1834 1387 1,
1869 1348 1990 1394 590.)
2022 1343 2250 1382 Reinbeck.

177 1425 205 1461 l.
229 1436 264 1461 c.
293 1422 335 1465 1,
369 1420 404 1471 ᾧ.
430 1427 508 1464 80,
547 1428 616 1469 99.
686 1417 769 1456 Hic
795 1429 891 1455 usus
917 1413 1112 1454 infinitivi
1144 1428 1234 1454 cum
1272 1425 1418 1457 natura
1448 1418 1535 1470 ejus
1570 1419 1659 1470 ipsa
1691 1418 1861 1463 nitatur,
1906 1427 1990 1458 tum
2029 1419 2074 1457 in
2103 1419 2256 1471 linguis

179 1496 266 1537 aliis
276 1524 296 1543 ,⁴
314 1507 422 1550 uquas
443 1501 594 1534 vocant
615 1490 883 1533 orientalibus
913 1489 991 1535 (cf.
1015 1489 1059 1528 in
1082 1490 1218 1543 specie
1238 1492 1287 1530 de
1308 1491 1448 1545 lingua
1464 1493 1703 1532 sanseritica
1730 1494 1864 1544 Bopp.
1890 1495 1995 1533 iiber
2029 1496 2067 1532 d.
2093 1493 2253 1544 Conju-

177 1572 486 1625 gationssystem
514 1571 588 1609 der
615 1568 972 1625 Sanskritspraclie
1000 1581 1040 1618 p.
1067 1574 1121 1609 38
1144 1581 1183 1605 u.
1209 1572 1370 1614 112*)‚
1412 1576 1497 1607 tum
1527 1569 1570 1608 in
1601 1583 1749 1621 graeca
1778 1577 1900 1620 atque
1928 1570 2054 1608 latina
2091 1569 2254 1608 inveni-

180 1656 273 1697 tur3
304 1654 481 1687 attamen
510 1644 555 1684 in
576 1658 724 1696 graeca
745 1644 874 1682 multo
888 1630 1059 1695 ‘longius
1079 1650 1208 1694 patet,
1239 1641 1430 1682 nimirum
1449 1644 1620 1683 articulo
1644 1644 1926 1683 subserviente
1955 1644 2089 1697 quivis
2116 1657 2255 1689 casus,

181 1723 282 1778 quin
307 1722 352 1762 in
378 1721 512 1761 forma
545 1718 740 1759 infinitivi
775 1716 929 1771 aliquid
957 1704 1209 1763 immutetur,
1252 1718 1427 1758 indicari
1457 1728 1603 1772 potest.
1676 1720 1727 1758 In
1759 1720 1901 1772 lingua
1939 1720 2067 1759 latina
2097 1728 2256 1765 autem,

179 1797 362 1852 quamv-is
392 1796 431 1836 ei
464 1795 655 1835 articulus
689 1794 811 1839 desit,
854 1803 992 1833 tamen
1024 1803 1064 1833 et
1095 1795 1182 1844 ipsa
1218 1794 1467 1835 infinitivum
1498 1796 1689 1835 omnibus
1722 1795 1883 1835 casibus
1915 1796 2019 1847 poni
2051 1810 2174 1847 posse
2203 1810 2256 1835 ex

178 1874 293 1915 hisce
321 1871 425 1912 locis
455 1870 680 1923 intelliges:

305 1983 433 2020 Nom.
473 1978 579 2017 Hor.
610 1977 745 2018 Carm.
765 1977 846 2022 IV,
885 1987 921 2020 1.
953 1990 1035 2015 nec
1066 1990 1157 2033 spes
1189 1989 1269 2016 nec
1300 1985 1458 2016 certare
1488 1977 1611 2029 juvat.

500 2074 563 2083 —
606 2053 732 2105 Epist.
763 2053 805 2098 1,
840 2062 911 2097 41.
943 2052 1069 2092 virtus
1103 2060 1162 2091 est
1190 2052 1331 2092 vitium
1361 2052 1521 2105 fugere.

474 2128 560 2170 Cic.
589 2127 710 2166 Attio.
737 2128 863 2173 XIII,
897 2135 967 2172 28.
1001 2127 1106 2167 Cum
1136 2127 1272 2167 vivere
1302 2128 1435 2179 ipsum
1467 2137 1587 2180 turpe
1618 2128 1670 2168 sit
1704 2130 1839 2168 nobis.

500 2227 561 2235 —
591 2205 737 2242 Parad.
772 2204 853 2247 111,
891 2214 928 2246 1.
960 2204 1142 2243 Peccare
1171 2206 1268 2243 licet
1297 2204 1467 2243 nemini.

228 2388 266 2431 ⁹)
300 2376 436 2419 Sobald
459 2386 523 2419 der
543 2384 751 2430 cigentliche
776 2384 969 2417 chax-aliter
990 2384 1049 2416 des
1072 2383 1205 2418 Infinit.
1224 2384 1353 2433 richtig
1375 2385 1567 2429 aufgefasst
1589 2384 1733 2417 worden
1747 2408 1755 2422 ‚
1792 2385 1887 2417 kann
1909 2385 1993 2417 kein
2013 2386 2257 2420 wesentlicher

296 2442 531 2481 Unterschied
560 2448 734 2481 zwischen
759 2446 889 2480 diesem
913 2446 989 2479 und
1014 2446 1094 2479 dem
1120 2446 1342 2480 Gerundinm
1367 2447 1444 2479 und
1471 2447 1648 2490 Supinum
1674 2448 1773 2480 mehr
1797 2448 1959 2492 gemacht
1983 2448 2153 2481 werdens
2189 2447 2253 2481 Et·-

301 2514 409 2541 tterer
433 2508 480 2540 ist
512 2510 570 2541 ein
603 2520 734 2542 nomen
768 2508 1035 2547 indeclinabile,
1072 2507 1215 2541 letztere
1246 2509 1334 2541 sind·
1364 2509 1590 2542 declinabilia
1622 2510 1698 2541 und
1730 2509 1893 2542 stimmen
1927 2511 2133 2542 ausserdem
2165 2511 2261 2543 noch

295 2570 334 2604 in
368 2570 487 2603 sofem
512 2571 575 2603 mit
608 2571 688 2604 dem
720 2571 908 2605 indischen
933 2571 1008 2604 und
1032 2571 1240 2604 arabisehen
1264 2571 1423 2606 Infinitiv
1447 2571 1621 2614 iiberein,
1654 2571 1703 2605 als
1729 2573 1779 2606 sie
1813 2572 1879 2605 wie
1914 2572 2010 2606 diese
2042 2579 2148 2604 unter
2182 2572 2260 2605 der-

301 2631 421 2665 selben
457 2630 563 2663 Form
599 2632 790 2666 aktivische
823 2633 899 2665 und
934 2632 1147 2676 passivische
1179 2633 1394 2678 Bedeutung
1423 2634 1543 2666 haben
1575 2634 1743 2673 konnen,
1779 2635 1899 2679 gleich
1933 2635 2025 2666 allen
2051 2634 2258 2666 abstrakten

299 2693 585 2733 Nennw'drtern,
610 2694 688 2728 und
713 2694 762 2728 als
788 2706 833 2729 an
858 2695 968 2730 ihnen
992 2695 1098 2729 keine
1121 2695 1320 2729 besondere
1344 2695 1710 2742 zeitbestimmungen
1737 2697 1952 2743 angedeutet
1977 2695 2131 2729 werden.

1483 2832 1510 2866 2
